%% This BibTeX bibliography file was created using BibDesk.
%% http://bibdesk.sourceforge.net/

%% Created for Kate Rakelly at 2020-12-19 00:34:04 +0100 


%% Saved with string encoding Unicode (UTF-8) 



@article{schaul2019ray,
	Author = {Schaul, Tom and Borsa, Diana and Modayil, Joseph and Pascanu, Razvan},
	Date-Added = {2020-12-19 00:33:58 +0100},
	Date-Modified = {2020-12-19 00:33:58 +0100},
	Journal = {arXiv preprint arXiv:1904.11455},
	Title = {Ray Interference: a Source of Plateaus in Deep Reinforcement Learning},
	Year = {2019}}

@article{yu2020gradient,
	Author = {Yu, Tianhe and Kumar, Saurabh and Gupta, Abhishek and Levine, Sergey and Hausman, Karol and Finn, Chelsea},
	Date-Added = {2020-12-15 23:55:10 +0100},
	Date-Modified = {2020-12-15 23:55:10 +0100},
	Journal = {arXiv preprint arXiv:2001.06782},
	Title = {Gradient surgery for multi-task learning},
	Year = {2020}}

@article{eysenbach2017leave,
	Author = {Eysenbach, Benjamin and Gu, Shixiang and Ibarz, Julian and Levine, Sergey},
	Date-Added = {2020-12-15 22:41:46 +0100},
	Date-Modified = {2020-12-15 22:41:46 +0100},
	Journal = {arXiv preprint arXiv:1711.06782},
	Title = {Leave no trace: Learning to reset for safe and autonomous reinforcement learning},
	Year = {2017}}

@article{zhu2020ingredients,
	Author = {Zhu, Henry and Yu, Justin and Gupta, Abhishek and Shah, Dhruv and Hartikainen, Kristian and Singh, Avi and Kumar, Vikash and Levine, Sergey},
	Date-Added = {2020-12-15 22:41:12 +0100},
	Date-Modified = {2020-12-15 22:41:12 +0100},
	Journal = {arXiv preprint arXiv:2004.12570},
	Title = {The Ingredients of Real-World Robotic Reinforcement Learning},
	Year = {2020}}

@article{lu2020reset,
	Author = {Lu, Kevin and Grover, Aditya and Abbeel, Pieter and Mordatch, Igor},
	Date-Added = {2020-12-15 22:39:53 +0100},
	Date-Modified = {2020-12-15 22:39:53 +0100},
	Journal = {arXiv preprint arXiv:2012.03548},
	Title = {Reset-Free Lifelong Learning with Skill-Space Planning},
	Year = {2020}}

@article{eysenbach2018diversity,
	Author = {Eysenbach, Benjamin and Gupta, Abhishek and Ibarz, Julian and Levine, Sergey},
	Date-Added = {2020-12-08 15:49:25 -0800},
	Date-Modified = {2020-12-08 15:49:25 -0800},
	Journal = {arXiv preprint arXiv:1802.06070},
	Title = {Diversity is all you need: Learning skills without a reward function},
	Year = {2018}}

@article{sukhbaatar2017intrinsic,
	Author = {Sukhbaatar, Sainbayar and Lin, Zeming and Kostrikov, Ilya and Synnaeve, Gabriel and Szlam, Arthur and Fergus, Rob},
	Date-Added = {2020-12-08 15:06:58 -0800},
	Date-Modified = {2020-12-08 15:06:58 -0800},
	Journal = {arXiv preprint arXiv:1703.05407},
	Title = {Intrinsic motivation and automatic curricula via asymmetric self-play},
	Year = {2017}}

@inproceedings{jabri2019unsupervised,
	Author = {Jabri, Allan and Hsu, Kyle and Gupta, Abhishek and Eysenbach, Ben and Levine, Sergey and Finn, Chelsea},
	Booktitle = {Advances in Neural Information Processing Systems},
	Date-Added = {2020-12-08 15:06:02 -0800},
	Date-Modified = {2020-12-08 15:06:02 -0800},
	Pages = {10519--10531},
	Title = {Unsupervised curricula for visual meta-reinforcement learning},
	Year = {2019}}

@article{gupta2018unsupervised,
	Author = {Gupta, Abhishek and Eysenbach, Benjamin and Finn, Chelsea and Levine, Sergey},
	Date-Added = {2020-12-08 15:04:25 -0800},
	Date-Modified = {2020-12-08 15:04:25 -0800},
	Journal = {arXiv preprint arXiv:1806.04640},
	Title = {Unsupervised meta-learning for reinforcement learning},
	Year = {2018}}

@inproceedings{ren2020ocean,
	Author = {Ren, Hongyu and Zhu, Yuke and Leskovec, Jure and Anandkumar, Animashree and Garg, Animesh},
	Booktitle = {Conference on Uncertainty in Artificial Intelligence},
	Date-Added = {2020-12-08 09:54:26 -0800},
	Date-Modified = {2020-12-08 09:54:26 -0800},
	Organization = {PMLR},
	Pages = {1378--1387},
	Title = {OCEAN: Online Task Inference for Compositional Tasks with Context Adaptation},
	Year = {2020}}

@article{edwards2016towards,
	Author = {Edwards, Harrison and Storkey, Amos},
	Date-Added = {2020-12-07 22:31:45 -0800},
	Date-Modified = {2020-12-07 22:31:45 -0800},
	Journal = {arXiv preprint arXiv:1606.02185},
	Title = {Towards a neural statistician},
	Year = {2016}}

@inproceedings{lake2011one,
	Author = {Lake, Brenden and Salakhutdinov, Ruslan and Gross, Jason and Tenenbaum, Joshua},
	Booktitle = {Proceedings of the annual meeting of the cognitive science society},
	Date-Added = {2020-12-07 22:29:30 -0800},
	Date-Modified = {2020-12-07 22:29:30 -0800},
	Number = {33},
	Title = {One shot learning of simple visual concepts},
	Volume = {33},
	Year = {2011}}

@article{daume2009bayesian,
	Author = {Daum{\'e} III, Hal},
	Date-Added = {2020-12-07 22:27:50 -0800},
	Date-Modified = {2020-12-07 22:27:50 -0800},
	Journal = {arXiv preprint arXiv:0907.0783},
	Title = {Bayesian multitask learning with latent hierarchies},
	Year = {2009}}

@inproceedings{lawrence2004learning,
	Author = {Lawrence, Neil D and Platt, John C},
	Booktitle = {Proceedings of the twenty-first international conference on Machine learning},
	Date-Added = {2020-12-07 22:25:47 -0800},
	Date-Modified = {2020-12-07 22:25:47 -0800},
	Pages = {65},
	Title = {Learning to learn with the informative vector machine},
	Year = {2004}}

@article{vinyals2019grandmaster,
	Author = {Vinyals, Oriol and Babuschkin, Igor and Czarnecki, Wojciech M and Mathieu, Micha{\"e}l and Dudzik, Andrew and Chung, Junyoung and Choi, David H and Powell, Richard and Ewalds, Timo and Georgiev, Petko and others},
	Date-Added = {2020-12-07 19:32:08 -0800},
	Date-Modified = {2020-12-07 19:32:08 -0800},
	Journal = {Nature},
	Number = {7782},
	Pages = {350--354},
	Publisher = {Nature Publishing Group},
	Title = {Grandmaster level in StarCraft II using multi-agent reinforcement learning},
	Volume = {575},
	Year = {2019}}

@inproceedings{krizhevsky2012imagenet,
	Author = {Krizhevsky, Alex and Sutskever, Ilya and Hinton, Geoffrey E},
	Booktitle = {NIPS},
	Date-Added = {2020-12-07 19:26:51 -0800},
	Date-Modified = {2020-12-07 19:26:51 -0800},
	Title = {ImageNet Classification with Deep Convolutional Neural Networks},
	Year = {2012}}

@inproceedings{donahue2015long,
	Author = {Donahue, Jeffrey and Anne Hendricks, Lisa and Guadarrama, Sergio and Rohrbach, Marcus and Venugopalan, Subhashini and Saenko, Kate and Darrell, Trevor},
	Booktitle = {Proceedings of the IEEE conference on computer vision and pattern recognition},
	Date-Added = {2020-12-07 19:23:42 -0800},
	Date-Modified = {2020-12-07 19:23:42 -0800},
	Pages = {2625--2634},
	Title = {Long-term recurrent convolutional networks for visual recognition and description},
	Year = {2015}}

@article{finn2017meta,
	Author = {Finn, Chelsea and Levine, Sergey},
	Date-Added = {2020-12-07 19:22:02 -0800},
	Date-Modified = {2020-12-07 19:22:02 -0800},
	Journal = {arXiv preprint arXiv:1710.11622},
	Title = {Meta-learning and universality: Deep representations and gradient descent can approximate any learning algorithm},
	Year = {2017}}

@inproceedings{khayrallah-etal-2018-regularized,
	Address = {Melbourne, Australia},
	Author = {Khayrallah, Huda and Thompson, Brian and Duh, Kevin and Koehn, Philipp},
	Booktitle = {Proceedings of the 2nd Workshop on Neural Machine Translation and Generation},
	Date-Added = {2020-12-07 16:59:32 -0800},
	Date-Modified = {2020-12-07 16:59:32 -0800},
	Doi = {10.18653/v1/W18-2705},
	Month = jul,
	Pages = {36--44},
	Publisher = {Association for Computational Linguistics},
	Title = {Regularized Training Objective for Continued Training for Domain Adaptation in Neural Machine Translation},
	Url = {https://www.aclweb.org/anthology/W18-2705},
	Year = {2018},
	Bdsk-Url-1 = {https://www.aclweb.org/anthology/W18-2705},
	Bdsk-Url-2 = {https://doi.org/10.18653/v1/W18-2705}}

@inproceedings{howard2018universal,
	Author = {Howard, Jeremy and Ruder, Sebastian},
	Booktitle = {Proceedings of the 56th Annual Meeting of the Association for Computational Linguistics (Volume 1: Long Papers)},
	Date-Added = {2020-12-07 16:47:52 -0800},
	Date-Modified = {2020-12-07 16:47:52 -0800},
	Pages = {328--339},
	Title = {Universal Language Model Fine-tuning for Text Classification},
	Year = {2018}}

@inproceedings{dai2015semi,
	Author = {Dai, Andrew M and Le, Quoc V},
	Booktitle = {Advances in neural information processing systems},
	Date-Added = {2020-12-07 16:46:16 -0800},
	Date-Modified = {2020-12-07 16:46:16 -0800},
	Pages = {3079--3087},
	Title = {Semi-supervised sequence learning},
	Year = {2015}}

@inproceedings{yosinski2014transferable,
	Author = {Yosinski, Jason and Clune, Jeff and Bengio, Yoshua and Lipson, Hod},
	Booktitle = {Advances in neural information processing systems},
	Date-Added = {2020-12-07 16:45:01 -0800},
	Date-Modified = {2020-12-07 16:45:01 -0800},
	Pages = {3320--3328},
	Title = {How transferable are features in deep neural networks?},
	Year = {2014}}

@inproceedings{sharif2014cnn,
	Author = {Sharif Razavian, Ali and Azizpour, Hossein and Sullivan, Josephine and Carlsson, Stefan},
	Booktitle = {Proceedings of the IEEE conference on computer vision and pattern recognition workshops},
	Date-Added = {2020-12-07 16:44:25 -0800},
	Date-Modified = {2020-12-07 16:44:25 -0800},
	Pages = {806--813},
	Title = {CNN features off-the-shelf: an astounding baseline for recognition},
	Year = {2014}}

@inproceedings{donahue2014decaf,
	Author = {Donahue, Jeff and Jia, Yangqing and Vinyals, Oriol and Hoffman, Judy and Zhang, Ning and Tzeng, Eric and Darrell, Trevor},
	Booktitle = {International conference on machine learning},
	Date-Added = {2020-12-07 16:41:21 -0800},
	Date-Modified = {2020-12-07 16:41:21 -0800},
	Pages = {647--655},
	Title = {Decaf: A deep convolutional activation feature for generic visual recognition},
	Year = {2014}}

@inproceedings{deng2009imagenet,
	Author = {Deng, Jia and Dong, Wei and Socher, Richard and Li, Li-Jia and Li, Kai and Fei-Fei, Li},
	Booktitle = {2009 IEEE conference on computer vision and pattern recognition},
	Date-Added = {2020-12-07 16:40:32 -0800},
	Date-Modified = {2020-12-07 16:40:32 -0800},
	Organization = {Ieee},
	Pages = {248--255},
	Title = {Imagenet: A large-scale hierarchical image database},
	Year = {2009}}

@inproceedings{tan2018survey,
	Author = {Tan, Chuanqi and Sun, Fuchun and Kong, Tao and Zhang, Wenchang and Yang, Chao and Liu, Chunfang},
	Booktitle = {International conference on artificial neural networks},
	Date-Added = {2020-12-07 16:39:04 -0800},
	Date-Modified = {2020-12-07 16:39:04 -0800},
	Organization = {Springer},
	Pages = {270--279},
	Title = {A survey on deep transfer learning},
	Year = {2018}}

@article{pan2009survey,
	Author = {Pan, Sinno Jialin and Yang, Qiang},
	Date-Added = {2020-12-07 16:37:27 -0800},
	Date-Modified = {2020-12-07 16:37:27 -0800},
	Journal = {IEEE Transactions on knowledge and data engineering},
	Number = {10},
	Pages = {1345--1359},
	Publisher = {IEEE},
	Title = {A survey on transfer learning},
	Volume = {22},
	Year = {2009}}

@article{caruana1993multitask,
	Author = {Caruana, Rich},
	Date-Added = {2020-12-07 16:32:35 -0800},
	Date-Modified = {2020-12-07 16:32:35 -0800},
	Journal = {Google Scholar Google Scholar Digital Library Digital Library},
	Title = {Multitask Learning: A Knowledge-Based Source of Inductive Bias ICML},
	Year = {1993}}

@techreport{julian2020never,
	Author = {Julian, Ryan and Swanson, Benjamin and Sukhatme S., Gaurav and Levine, Sergey and Finn, Chelsea and Hausman, Karol},
	Date-Added = {2020-12-07 16:28:33 -0800},
	Date-Modified = {2020-12-08 11:52:05 -0800},
	Institution = {Google Brain},
	Title = {Never Stop Learning: The Effectiveness of Fine-Tuning in Robotic Reinforcement Learning},
	Year = {2020}}

@article{kalashnikov2018qt,
	Author = {Kalashnikov, Dmitry and Irpan, Alex and Pastor, Peter and Ibarz, Julian and Herzog, Alexander and Jang, Eric and Quillen, Deirdre and Holly, Ethan and Kalakrishnan, Mrinal and Vanhoucke, Vincent and others},
	Date-Added = {2020-12-07 16:23:25 -0800},
	Date-Modified = {2020-12-07 16:23:25 -0800},
	Journal = {arXiv preprint arXiv:1806.10293},
	Title = {Qt-opt: Scalable deep reinforcement learning for vision-based robotic manipulation},
	Year = {2018}}

@article{hassan2018achieving,
	Author = {Hassan, Hany and Aue, Anthony and Chen, Chang and Chowdhary, Vishal and Clark, Jonathan and Federmann, Christian and Huang, Xuedong and Junczys-Dowmunt, Marcin and Lewis, William and Li, Mu and others},
	Date-Added = {2020-12-07 16:15:17 -0800},
	Date-Modified = {2020-12-07 16:15:17 -0800},
	Journal = {arXiv preprint arXiv:1803.05567},
	Title = {Achieving human parity on automatic chinese to english news translation},
	Year = {2018}}

@inproceedings{sung2018learning,
	Author = {Sung, Flood and Yang, Yongxin and Zhang, Li and Xiang, Tao and Torr, Philip HS and Hospedales, Timothy M},
	Booktitle = {Proceedings of the IEEE Conference on Computer Vision and Pattern Recognition},
	Date-Added = {2020-12-03 20:37:27 -0800},
	Date-Modified = {2020-12-03 20:37:27 -0800},
	Pages = {1199--1208},
	Title = {Learning to compare: Relation network for few-shot learning},
	Year = {2018}}

@inproceedings{abel2016near,
	Author = {Abel, David and Hershkowitz, D Ellis and Littman, Michael L},
	Booktitle = {Proceedings of the 33rd International Conference on International Conference on Machine Learning-Volume 48},
	Date-Added = {2020-12-03 14:33:29 -0800},
	Date-Modified = {2020-12-03 14:33:29 -0800},
	Pages = {2915--2923},
	Title = {Near optimal behavior via approximate state abstraction},
	Year = {2016}}

@article{achille2018emergence,
	Author = {Achille, Alessandro and Soatto, Stefano},
	Date-Added = {2020-12-03 14:33:29 -0800},
	Date-Modified = {2020-12-03 14:33:29 -0800},
	Journal = {The Journal of Machine Learning Research},
	Keywords = {info},
	Number = {1},
	Pages = {1947--1980},
	Publisher = {JMLR. org},
	Title = {Emergence of invariance and disentanglement in deep representations},
	Volume = {19},
	Year = {2018}}

@article{achille2018separation,
	Author = {Achille, Alessandro and Soatto, Stefano},
	Date-Added = {2020-12-03 14:33:29 -0800},
	Date-Modified = {2020-12-03 14:33:29 -0800},
	Journal = {Annual Review of Control, Robotics, and Autonomous Systems},
	Keywords = {rl},
	Pages = {287--307},
	Publisher = {Annual Reviews},
	Title = {A separation principle for control in the age of deep learning},
	Volume = {1},
	Year = {2018}}

@inproceedings{agrawal2016learning,
	Author = {Agrawal, Pulkit and Nair, Ashvin V and Abbeel, Pieter and Malik, Jitendra and Levine, Sergey},
	Booktitle = {Advances in neural information processing systems},
	Date-Added = {2020-12-03 14:33:29 -0800},
	Date-Modified = {2020-12-03 14:33:29 -0800},
	Pages = {5074--5082},
	Title = {Learning to poke by poking: Experiential learning of intuitive physics},
	Year = {2016}}

@inproceedings{anand2019unsupervised,
	Author = {Anand, Ankesh and Racah, Evan and Ozair, Sherjil and Bengio, Yoshua and C{\^o}t{\'e}, Marc-Alexandre and Hjelm, R Devon},
	Booktitle = {Advances in Neural Information Processing Systems},
	Date-Added = {2020-12-03 14:33:29 -0800},
	Date-Modified = {2020-12-03 14:33:29 -0800},
	Pages = {8766--8779},
	Title = {Unsupervised state representation learning in atari},
	Year = {2019}}

@inproceedings{bachman2019learning,
	Author = {Bachman, Philip and Hjelm, R Devon and Buchwalter, William},
	Booktitle = {Advances in Neural Information Processing Systems},
	Date-Added = {2020-12-03 14:33:29 -0800},
	Date-Modified = {2020-12-03 14:33:29 -0800},
	Pages = {15509--15519},
	Title = {Learning representations by maximizing mutual information across views},
	Year = {2019}}

@inproceedings{bassily2018learners,
	Author = {Bassily, Raef and Moran, Shay and Nachum, Ido and Shafer, Jonathan and Yehudayoff, Amir},
	Booktitle = {Algorithmic Learning Theory},
	Date-Added = {2020-12-03 14:33:29 -0800},
	Date-Modified = {2020-12-03 14:33:29 -0800},
	Pages = {25--55},
	Title = {Learners that Use Little Information},
	Year = {2018}}

@article{bean1987aggregation,
	Author = {Bean, James C and Birge, John R and Smith, Robert L},
	Date-Added = {2020-12-03 14:33:29 -0800},
	Date-Modified = {2020-12-03 14:33:29 -0800},
	Journal = {Operations Research},
	Number = {2},
	Pages = {215--220},
	Publisher = {INFORMS},
	Title = {Aggregation in dynamic programming},
	Volume = {35},
	Year = {1987}}

@article{becker1992self,
	Author = {Becker, Suzanna and Hinton, Geoffrey E},
	Date-Added = {2020-12-03 14:33:29 -0800},
	Date-Modified = {2020-12-03 14:33:29 -0800},
	Journal = {Nature},
	Number = {6356},
	Pages = {161--163},
	Publisher = {Nature Publishing Group},
	Title = {Self-organizing neural network that discovers surfaces in random-dot stereograms},
	Volume = {355},
	Year = {1992}}

@article{belghazi2018mine,
	Author = {Belghazi, Mohamed Ishmael and Baratin, Aristide and Rajeswar, Sai and Ozair, Sherjil and Bengio, Yoshua and Courville, Aaron and Hjelm, R Devon},
	Date-Added = {2020-12-03 14:33:29 -0800},
	Date-Modified = {2020-12-03 14:33:29 -0800},
	Journal = {arXiv preprint arXiv:1801.04062},
	Keywords = {info},
	Title = {Mine: mutual information neural estimation},
	Year = {2018}}

@article{bell1995information,
	Author = {Bell, Anthony J and Sejnowski, Terrence J},
	Date-Added = {2020-12-03 14:33:29 -0800},
	Date-Modified = {2020-12-03 14:33:29 -0800},
	Journal = {Neural computation},
	Number = {6},
	Pages = {1129--1159},
	Publisher = {MIT Press},
	Title = {An information-maximization approach to blind separation and blind deconvolution},
	Volume = {7},
	Year = {1995}}

@inproceedings{bellemare2019geometric,
	Author = {Bellemare, Marc and Dabney, Will and Dadashi, Robert and Taiga, Adrien Ali and Castro, Pablo Samuel and Le Roux, Nicolas and Schuurmans, Dale and Lattimore, Tor and Lyle, Clare},
	Booktitle = {Advances in Neural Information Processing Systems},
	Date-Added = {2020-12-03 14:33:29 -0800},
	Date-Modified = {2020-12-03 14:33:29 -0800},
	Pages = {4360--4371},
	Title = {A geometric perspective on optimal representations for reinforcement learning},
	Year = {2019}}

@article{bertsekas1988adaptive,
	Author = {Bertsekas, Dimitri P and Castanon, David A and others},
	Date-Added = {2020-12-03 14:33:29 -0800},
	Date-Modified = {2020-12-03 14:33:29 -0800},
	Publisher = {Dept. of Electrical Engineering and Computer Science, Laboratory for~{\ldots}},
	Title = {Adaptive aggregation methods for infinite horizon dynamic programming},
	Year = {1988}}

@book{cover1999elements,
	Author = {Cover, Thomas M},
	Date-Added = {2020-12-03 14:33:29 -0800},
	Date-Modified = {2020-12-03 14:33:29 -0800},
	Publisher = {John Wiley \& Sons},
	Title = {Elements of information theory},
	Year = {1999}}

@inproceedings{dean1997model,
	Author = {Dean, Thomas and Givan, Robert},
	Booktitle = {AAAI/IAAI},
	Date-Added = {2020-12-03 14:33:29 -0800},
	Date-Modified = {2020-12-03 14:33:29 -0800},
	Pages = {106--111},
	Title = {Model minimization in Markov decision processes},
	Year = {1997}}

@inproceedings{devlin2019bert,
	Author = {Devlin, Jacob and Chang, Ming-Wei and Lee, Kenton and Toutanova, Kristina},
	Booktitle = {Proceedings of the 2019 Conference of the North American Chapter of the Association for Computational Linguistics: Human Language Technologies, Volume 1 (Long and Short Papers)},
	Date-Added = {2020-12-03 14:33:29 -0800},
	Date-Modified = {2020-12-03 14:33:29 -0800},
	Pages = {4171--4186},
	Title = {BERT: Pre-training of Deep Bidirectional Transformers for Language Understanding},
	Year = {2019}}

@inproceedings{dosovitskiy2016learning,
	Author = {Dosovitskiy, Alexey and Koltun, Vladlen},
	Booktitle = {International Conference on Learning Representations},
	Date-Added = {2020-12-03 14:33:29 -0800},
	Date-Modified = {2020-12-03 14:33:29 -0800},
	Title = {Learning to Act by Predicting the Future},
	Year = {2016}}

@article{du2019good,
	Author = {Du, Simon S and Kakade, Sham M and Wang, Ruosong and Yang, Lin F},
	Date-Added = {2020-12-03 14:33:29 -0800},
	Date-Modified = {2020-12-03 14:33:29 -0800},
	Journal = {arXiv preprint arXiv:1910.03016},
	Title = {Is a Good Representation Sufficient for Sample Efficient Reinforcement Learning?},
	Year = {2019}}

@article{fedus2019hyperbolic,
	Author = {Fedus, William and Gelada, Carles and Bengio, Yoshua and Bellemare, Marc G and Larochelle, Hugo},
	Date-Added = {2020-12-03 14:33:29 -0800},
	Date-Modified = {2020-12-03 14:33:29 -0800},
	Journal = {arXiv preprint arXiv:1902.06865},
	Title = {Hyperbolic discounting and learning over multiple horizons},
	Year = {2019}}

@inproceedings{ferns2006methods,
	Author = {Ferns, Norm and Castro, Pablo Samuel and Precup, Doina and Panangaden, Prakash},
	Booktitle = {Proceedings of the Twenty-Second Conference on Uncertainty in Artificial Intelligence},
	Date-Added = {2020-12-03 14:33:29 -0800},
	Date-Modified = {2020-12-03 14:33:29 -0800},
	Pages = {174--181},
	Title = {Methods for computing state similarity in Markov decision processes},
	Year = {2006}}

@article{givan2003equivalence,
	Author = {Givan, Robert and Dean, Thomas and Greig, Matthew},
	Date-Added = {2020-12-03 14:33:29 -0800},
	Date-Modified = {2020-12-03 14:33:29 -0800},
	Journal = {Artificial Intelligence},
	Number = {1-2},
	Pages = {163--223},
	Publisher = {Elsevier},
	Title = {Equivalence notions and model minimization in Markov decision processes},
	Volume = {147},
	Year = {2003}}

@article{goyal2019infobot,
	Author = {Goyal, Anirudh and Islam, Riashat and Strouse, Daniel and Ahmed, Zafarali and Botvinick, Matthew and Larochelle, Hugo and Levine, Sergey and Bengio, Yoshua},
	Date-Added = {2020-12-03 14:33:29 -0800},
	Date-Modified = {2020-12-03 14:33:29 -0800},
	Journal = {arXiv preprint arXiv:1901.10902},
	Keywords = {rl, info, representation learning},
	Title = {Infobot: Transfer and exploration via the information bottleneck},
	Year = {2019}}

@article{gregor2016variational,
	Author = {Gregor, Karol and Rezende, Danilo Jimenez and Wierstra, Daan},
	Date-Added = {2020-12-03 14:33:29 -0800},
	Date-Modified = {2020-12-03 14:33:29 -0800},
	Journal = {arXiv preprint arXiv:1611.07507},
	Title = {Variational intrinsic control},
	Year = {2016},
	Bdsk-File-1 = {YnBsaXN0MDDSAQIDBFxyZWxhdGl2ZVBhdGhZYWxpYXNEYXRhXxA1Li4vUGFwZXJzL0dyZWdvcjIwMTZWYXJpYXRpb25hbCBpbnRyaW5zaWMgY29udHJvbC5wZGZPEQHiAAAAAAHiAAIAAAxNYWNpbnRvc2ggSEQAAAAAAAAAAAAAAAAAAADRUz3sSCsAAACh700fR3JlZ29yMjAxNlZhcmlhdGlvbiMxQ0U5MDNCLnBkZgAAAAAAAAAAAAAAAAAAAAAAAAAAAAAAAAAAAAAAAAAAAc6QO9p0l+QAAAAAAAAAAAABAAIAAAkgAAAAAAAAAAAAAAAAAAAABlBhcGVycwAQAAgAANFTIcwAAAARAAgAANp0idQAAAABAAwAoe9NAAmJ6QACmDcAAgBGTWFjaW50b3NoIEhEOlVzZXJzOgBjdXNnYWRtaW46AFBhcGVyczoAR3JlZ29yMjAxNlZhcmlhdGlvbiMxQ0U5MDNCLnBkZgAOAFgAKwBHAHIAZQBnAG8AcgAyADAAMQA2AFYAYQByAGkAYQB0AGkAbwBuAGEAbAAgAGkAbgB0AHIAaQBuAHMAaQBjACAAYwBvAG4AdAByAG8AbAAuAHAAZABmAA8AGgAMAE0AYQBjAGkAbgB0AG8AcwBoACAASABEABIAQlVzZXJzL2N1c2dhZG1pbi9QYXBlcnMvR3JlZ29yMjAxNlZhcmlhdGlvbmFsIGludHJpbnNpYyBjb250cm9sLnBkZgATAAEvAAAVAAIAEP//AAAACAANABoAJABcAAAAAAAAAgEAAAAAAAAABQAAAAAAAAAAAAAAAAAAAkI=}}

@inproceedings{gutmann2010noise,
	Author = {Gutmann, Michael and Hyv{\"a}rinen, Aapo},
	Booktitle = {Proceedings of the Thirteenth International Conference on Artificial Intelligence and Statistics},
	Date-Added = {2020-12-03 14:33:29 -0800},
	Date-Modified = {2020-12-03 14:33:29 -0800},
	Pages = {297--304},
	Title = {Noise-contrastive estimation: A new estimation principle for unnormalized statistical models},
	Year = {2010}}

@article{hjelm2018learning,
	Author = {Hjelm, R Devon and Fedorov, Alex and Lavoie-Marchildon, Samuel and Grewal, Karan and Trischler, Adam and Bengio, Yoshua},
	Date-Added = {2020-12-03 14:33:29 -0800},
	Date-Modified = {2020-12-03 14:33:29 -0800},
	Journal = {arXiv preprint arXiv:1808.06670},
	Title = {Learning deep representations by mutual information estimation and maximization},
	Year = {2018}}

@inproceedings{igl2019generalization,
	Author = {Igl, Maximilian and Ciosek, Kamil and Li, Yingzhen and Tschiatschek, Sebastian and Zhang, Cheng and Devlin, Sam and Hofmann, Katja},
	Booktitle = {Advances in Neural Information Processing Systems},
	Date-Added = {2020-12-03 14:33:29 -0800},
	Date-Modified = {2020-12-03 14:33:29 -0800},
	Pages = {13956--13968},
	Title = {Generalization in reinforcement learning with selective noise injection and information bottleneck},
	Year = {2019}}

@inproceedings{jong2005state,
	Author = {Jong, Nicholas K and Stone, Peter},
	Booktitle = {IJCAI},
	Date-Added = {2020-12-03 14:33:29 -0800},
	Date-Modified = {2020-12-03 14:33:29 -0800},
	Pages = {752--757},
	Title = {State Abstraction Discovery from Irrelevant State Variables.},
	Volume = {8},
	Year = {2005}}

@article{jonschkowski2015learning,
	Author = {Jonschkowski, Rico and Brock, Oliver},
	Date-Added = {2020-12-03 14:33:29 -0800},
	Date-Modified = {2020-12-03 14:33:29 -0800},
	Journal = {Autonomous Robots},
	Number = {3},
	Pages = {407--428},
	Publisher = {Springer},
	Title = {Learning state representations with robotic priors},
	Volume = {39},
	Year = {2015}}

@inproceedings{klyubin2005empowerment,
	Author = {Klyubin, Alexander S and Polani, Daniel and Nehaniv, Chrystopher L},
	Booktitle = {2005 IEEE Congress on Evolutionary Computation},
	Date-Added = {2020-12-03 14:33:29 -0800},
	Date-Modified = {2020-12-03 14:33:29 -0800},
	Organization = {IEEE},
	Pages = {128--135},
	Title = {Empowerment: A universal agent-centric measure of control},
	Volume = {1},
	Year = {2005}}

@article{klyubin2008keep,
	Author = {Klyubin, Alexander S and Polani, Daniel and Nehaniv, Chrystopher L},
	Date-Added = {2020-12-03 14:33:29 -0800},
	Date-Modified = {2020-12-03 14:33:29 -0800},
	Journal = {PloS one},
	Number = {12},
	Publisher = {Public Library of Science},
	Title = {Keep your options open: An information-based driving principle for sensorimotor systems},
	Volume = {3},
	Year = {2008}}

@article{lattimore2019learning,
	Author = {Lattimore, Tor and Szepesvari, Csaba},
	Date-Added = {2020-12-03 14:33:29 -0800},
	Date-Modified = {2020-12-03 14:33:29 -0800},
	Journal = {arXiv preprint arXiv:1911.07676},
	Title = {Learning with Good Feature Representations in Bandits and in RL with a Generative Model},
	Year = {2019}}

@article{lee2017servo,
	Author = {Lee, Alex X and Levine, Sergey and Abbeel, Pieter},
	Date-Added = {2020-12-03 14:33:29 -0800},
	Date-Modified = {2020-12-03 14:33:29 -0800},
	Journal = {arXiv preprint arXiv:1703.11000},
	Title = {Learning visual servoing with deep features and fitted q-iteration},
	Year = {2017}}

@inproceedings{leibfried2019unified,
	Author = {Leibfried, Felix and Pascual-Diaz, Sergio and Grau-Moya, Jordi},
	Booktitle = {Advances in Neural Information Processing Systems},
	Date-Added = {2020-12-03 14:33:29 -0800},
	Date-Modified = {2020-12-03 14:33:29 -0800},
	Keywords = {rl, info},
	Pages = {7867--7878},
	Title = {A Unified Bellman Optimality Principle Combining Reward Maximization and Empowerment},
	Year = {2019}}

@inproceedings{li2006towards,
	Author = {Li, Lihong and Walsh, Thomas J and Littman, Michael L},
	Booktitle = {ISAIM},
	Date-Added = {2020-12-03 14:33:29 -0800},
	Date-Modified = {2020-12-03 14:33:29 -0800},
	Keywords = {rl},
	Title = {Towards a Unified Theory of State Abstraction for MDPs.},
	Year = {2006}}

@article{linsker1988self,
	Author = {Linsker, Ralph},
	Date-Added = {2020-12-03 14:33:29 -0800},
	Date-Modified = {2020-12-03 14:33:29 -0800},
	Journal = {Computer},
	Number = {3},
	Pages = {105--117},
	Publisher = {IEEE},
	Title = {Self-organization in a perceptual network},
	Volume = {21},
	Year = {1988}}

@article{mahadevan2007proto,
	Author = {Mahadevan, Sridhar and Maggioni, Mauro},
	Date-Added = {2020-12-03 14:33:29 -0800},
	Date-Modified = {2020-12-03 14:33:29 -0800},
	Journal = {Journal of Machine Learning Research},
	Number = {Oct},
	Pages = {2169--2231},
	Title = {Proto-value functions: A Laplacian framework for learning representation and control in Markov decision processes},
	Volume = {8},
	Year = {2007}}

@article{mcallester2018formal,
	Author = {McAllester, David and Statos, Karl},
	Date-Added = {2020-12-03 14:33:29 -0800},
	Date-Modified = {2020-12-03 14:33:29 -0800},
	Journal = {arXiv preprint arXiv:1811.04251},
	Keywords = {info},
	Title = {Formal limitations on the measurement of mutual information},
	Year = {2018}}

@phdthesis{mccallum1996reinforcement,
	Author = {McCallum, Andrew Kachites},
	Date-Added = {2020-12-03 14:33:29 -0800},
	Date-Modified = {2020-12-03 14:33:29 -0800},
	School = {University of Rochester},
	Title = {Reinforcement Learning with Selective Perception and Hidden State},
	Year = {1996}}

@article{menache2005basis,
	Author = {Menache, Ishai and Mannor, Shie and Shimkin, Nahum},
	Date-Added = {2020-12-03 14:33:29 -0800},
	Date-Modified = {2020-12-03 14:33:29 -0800},
	Journal = {Annals of Operations Research},
	Number = {1},
	Pages = {215--238},
	Publisher = {Springer},
	Title = {Basis function adaptation in temporal difference reinforcement learning},
	Volume = {134},
	Year = {2005}}

@inproceedings{mirowski2019learning,
	Author = {Mirowski, Piotr},
	Booktitle = {1st International Workshop on Multimodal Understanding and Learning for Embodied Applications},
	Date-Added = {2020-12-03 14:33:29 -0800},
	Date-Modified = {2020-12-03 14:33:29 -0800},
	Pages = {25--25},
	Title = {Learning to Navigate},
	Year = {2019}}

@article{misra2019kinematic,
	Author = {Misra, Dipendra and Henaff, Mikael and Krishnamurthy, Akshay and Langford, John},
	Date-Added = {2020-12-03 14:33:29 -0800},
	Date-Modified = {2020-12-03 14:33:29 -0800},
	Journal = {arXiv preprint arXiv:1911.05815},
	Keywords = {rl},
	Title = {Kinematic State Abstraction and Provably Efficient Rich-Observation Reinforcement Learning},
	Year = {2019}}

@inproceedings{mohamed2015variational,
	Author = {Mohamed, Shakir and Rezende, Danilo Jimenez},
	Booktitle = {Advances in neural information processing systems},
	Date-Added = {2020-12-03 14:33:29 -0800},
	Date-Modified = {2020-12-03 14:33:29 -0800},
	Pages = {2125--2133},
	Title = {Variational information maximisation for intrinsically motivated reinforcement learning},
	Year = {2015}}

@article{nachum2018near,
	Author = {Nachum, Ofir and Gu, Shixiang and Lee, Honglak and Levine, Sergey},
	Date-Added = {2020-12-03 14:33:29 -0800},
	Date-Modified = {2020-12-03 14:33:29 -0800},
	Title = {Near-Optimal Representation Learning for Hierarchical Reinforcement Learning},
	Year = {2018}}

@inproceedings{nair2017combining,
	Author = {Nair, Ashvin and Chen, Dian and Agrawal, Pulkit and Isola, Phillip and Abbeel, Pieter and Malik, Jitendra and Levine, Sergey},
	Booktitle = {2017 IEEE International Conference on Robotics and Automation (ICRA)},
	Date-Added = {2020-12-03 14:33:29 -0800},
	Date-Modified = {2020-12-03 14:33:29 -0800},
	Organization = {IEEE},
	Pages = {2146--2153},
	Title = {Combining self-supervised learning and imitation for vision-based rope manipulation},
	Year = {2017}}

@article{oord2018representation,
	Author = {Oord, Aaron van den and Li, Yazhe and Vinyals, Oriol},
	Date-Added = {2020-12-03 14:33:29 -0800},
	Date-Modified = {2020-12-03 14:33:29 -0800},
	Journal = {arXiv preprint arXiv:1807.03748},
	Keywords = {self-supervised, representation learning},
	Title = {Representation Learning with Contrastive Predictive Coding},
	Year = {2018}}

@inproceedings{parr2007analyzing,
	Author = {Parr, Ronald and Painter-Wakefield, Christopher and Li, Lihong and Littman, Michael},
	Booktitle = {Proceedings of the 24th international conference on Machine learning},
	Date-Added = {2020-12-03 14:33:29 -0800},
	Date-Modified = {2020-12-03 14:33:29 -0800},
	Pages = {737--744},
	Title = {Analyzing feature generation for value-function approximation},
	Year = {2007}}

@inproceedings{parr2008analysis,
	Author = {Parr, Ronald and Li, Lihong and Taylor, Gavin and Painter-Wakefield, Christopher and Littman, Michael L},
	Booktitle = {Proceedings of the 25th international conference on Machine learning},
	Date-Added = {2020-12-03 14:33:29 -0800},
	Date-Modified = {2020-12-03 14:33:29 -0800},
	Pages = {752--759},
	Title = {An analysis of linear models, linear value-function approximation, and feature selection for reinforcement learning},
	Year = {2008}}

@inproceedings{pathak2017curiosity,
	Author = {Pathak, Deepak and Agrawal, Pulkit and Efros, Alexei A and Darrell, Trevor},
	Booktitle = {Proceedings of the 34th International Conference on Machine Learning-Volume 70},
	Date-Added = {2020-12-03 14:33:29 -0800},
	Date-Modified = {2020-12-03 14:33:29 -0800},
	Organization = {JMLR. org},
	Pages = {2778--2787},
	Title = {Curiosity-driven exploration by self-supervised prediction},
	Year = {2017}}

@article{pathak2018zero,
	Author = {Pathak, Deepak and Mahmoudieh, Parsa and Luo, Guanghao and Agrawal, Pulkit and Chen, Dian and Shentu, Yide and Shelhamer, Evan and Malik, Jitendra and Efros, Alexei A and Darrell, Trevor},
	Date-Added = {2020-12-03 14:33:29 -0800},
	Date-Modified = {2020-12-03 14:33:29 -0800},
	Title = {Zero-Shot Visual Imitation},
	Year = {2018}}

@article{poole2019variational,
	Author = {Poole, Ben and Ozair, Sherjil and Oord, Aaron van den and Alemi, Alexander A and Tucker, George},
	Date-Added = {2020-12-03 14:33:29 -0800},
	Date-Modified = {2020-12-03 14:33:29 -0800},
	Journal = {arXiv preprint arXiv:1905.06922},
	Keywords = {VI, info},
	Title = {On variational bounds of mutual information},
	Year = {2019}}

@misc{pygame,
	Author = {Pete Shinners},
	Date-Added = {2020-12-03 14:33:29 -0800},
	Date-Modified = {2020-12-03 14:33:29 -0800},
	Howpublished = {\url{http://pygame.org/}},
	Title = {PyGame},
	Year = {2011}}

@periodical{ravanelli2019learning,
	Author = {Ravanelli, Mirco and Bengio, Yoshua},
	Date-Added = {2020-12-03 14:33:29 -0800},
	Date-Modified = {2020-12-03 14:33:29 -0800},
	Journal = {Proc. Interspeech 2019},
	Pages = {1153--1157},
	Title = {Learning Speaker Representations with Mutual Information},
	Year = {2019}}

@inproceedings{ravindran2003smdp,
	Author = {Ravindran, Balaraman and Barto, Andrew G},
	Booktitle = {Proceedings of the 18th international joint conference on Artificial intelligence},
	Date-Added = {2020-12-03 14:33:29 -0800},
	Date-Modified = {2020-12-03 14:33:29 -0800},
	Pages = {1011--1016},
	Title = {SMDP homomorphisms: an algebraic approach to abstraction in semi-Markov decision processes},
	Year = {2003}}

@article{song2019understanding,
	Author = {Song, Jiaming and Ermon, Stefano},
	Date-Added = {2020-12-03 14:33:29 -0800},
	Date-Modified = {2020-12-03 14:33:29 -0800},
	Journal = {arXiv preprint arXiv:1910.06222},
	Title = {Understanding the Limitations of Variational Mutual Information Estimators},
	Year = {2019}}

@article{srinivas2020curl,
	Author = {Srinivas, Aravind and Laskin, Michael and Abbeel, Pieter},
	Date-Added = {2020-12-03 14:33:29 -0800},
	Date-Modified = {2020-12-03 14:33:29 -0800},
	Journal = {arXiv preprint arXiv:2004.04136},
	Title = {Curl: Contrastive unsupervised representations for reinforcement learning},
	Year = {2020}}

@article{still2012information,
	Author = {Still, Susanne and Precup, Doina},
	Date-Added = {2020-12-03 14:33:29 -0800},
	Date-Modified = {2020-12-03 14:33:29 -0800},
	Journal = {Theory in Biosciences},
	Keywords = {info, rl},
	Number = {3},
	Pages = {139--148},
	Publisher = {Springer},
	Title = {An information-theoretic approach to curiosity-driven reinforcement learning},
	Volume = {131},
	Year = {2012}}

@techreport{stooke2020decoupling,
	Author = {Stooke, Adam and Lee, Kimin and Abbeel, Pieter and Laskin, Michael},
	Date-Added = {2020-12-03 14:33:29 -0800},
	Date-Modified = {2020-12-03 14:33:29 -0800},
	Institution = {UC Berkeley},
	Title = {Decoupling Representation Learning from Reinforcement Learning},
	Year = {2020}}

@article{sun2019contrastive,
	Author = {Sun, Chen and Baradel, Fabien and Murphy, Kevin and Schmid, Cordelia},
	Date-Added = {2020-12-03 14:33:29 -0800},
	Date-Modified = {2020-12-03 14:33:29 -0800},
	Journal = {arXiv preprint arXiv:1906.05743},
	Title = {Contrastive bidirectional transformer for temporal representation learning},
	Year = {2019}}

@book{sutton2018reinforcement,
	Author = {Sutton, Richard S and Barto, Andrew G},
	Date-Added = {2020-12-03 14:33:29 -0800},
	Date-Modified = {2020-12-03 14:33:29 -0800},
	Publisher = {MIT press},
	Title = {Reinforcement learning: An introduction},
	Year = {2018}}

@article{tschannen2019mutual,
	Author = {Tschannen, Michael and Djolonga, Josip and Rubenstein, Paul K and Gelly, Sylvain and Lucic, Mario},
	Date-Added = {2020-12-03 14:33:29 -0800},
	Date-Modified = {2020-12-03 14:33:29 -0800},
	Journal = {arXiv preprint arXiv:1907.13625},
	Keywords = {info},
	Title = {On mutual information maximization for representation learning},
	Year = {2019}}

@article{van2019comments,
	Author = {Van Roy, Benjamin and Dong, Shi},
	Date-Added = {2020-12-03 14:33:29 -0800},
	Date-Modified = {2020-12-03 14:33:29 -0800},
	Journal = {arXiv preprint arXiv:1911.07910},
	Title = {Comments on the Du-Kakade-Wang-Yang Lower Bounds},
	Year = {2019}}

@inproceedings{veeriah2019discovery,
	Author = {Veeriah, Vivek and Hessel, Matteo and Xu, Zhongwen and Rajendran, Janarthanan and Lewis, Richard L and Oh, Junhyuk and van Hasselt, Hado P and Silver, David and Singh, Satinder},
	Booktitle = {Advances in Neural Information Processing Systems},
	Date-Added = {2020-12-03 14:33:29 -0800},
	Date-Modified = {2020-12-03 14:33:29 -0800},
	Pages = {9306--9317},
	Title = {Discovery of useful questions as auxiliary tasks},
	Year = {2019}}

@article{yu2017preparing,
	Author = {Yu, Wenhao and Tan, Jie and Liu, C Karen and Turk, Greg},
	Date-Added = {2020-12-03 14:33:29 -0800},
	Date-Modified = {2020-12-03 14:33:29 -0800},
	Journal = {arXiv preprint arXiv:1702.02453},
	Title = {Preparing for the unknown: Learning a universal policy with online system identification},
	Year = {2017}}

@inproceedings{yuunsupervised,
	Author = {Yu, Tianhe and Shevchuk, Gleb and Sadigh, Dorsa and Finn, Chelsea},
	Booktitle = {Robotics Science and Systems},
	Date-Added = {2020-12-03 14:33:29 -0800},
	Date-Modified = {2020-12-03 14:33:29 -0800},
	Title = {Unsupervised Visuomotor Control through Distributional Planning Networks},
	Year = {2019}}

@article{zhang2018decoupling,
	Author = {Zhang, Amy and Satija, Harsh and Pineau, Joelle},
	Date-Added = {2020-12-03 14:33:29 -0800},
	Date-Modified = {2020-12-03 14:33:29 -0800},
	Journal = {arXiv preprint arXiv:1804.10689},
	Title = {Decoupling dynamics and reward for transfer learning},
	Year = {2018}}

@article{zhang2018solar,
	Author = {Zhang, Marvin and Vikram, Sharad and Smith, Laura and Abbeel, Pieter and Johnson, Matthew J and Levine, Sergey},
	Date-Added = {2020-12-03 14:33:29 -0800},
	Date-Modified = {2020-12-03 14:33:29 -0800},
	Journal = {arXiv preprint arXiv:1808.09105},
	Title = {Solar: Deep structured latent representations for model-based reinforcement learning},
	Year = {2018}}

@article{alemi2016deep,
	Author = {Alemi, Alexander A and Fischer, Ian and Dillon, Joshua V and Murphy, Kevin},
	Date-Added = {2020-12-03 14:31:29 -0800},
	Date-Modified = {2020-12-03 14:31:29 -0800},
	Journal = {arXiv preprint arXiv:1612.00410},
	Keywords = {VI},
	Title = {Deep variational information bottleneck},
	Year = {2016}}

@article{arndt2019meta,
	Author = {Arndt, Karol and Hazara, Murtaza and Ghadirzadeh, Ali and Kyrki, Ville},
	Date-Added = {2020-12-03 14:31:29 -0800},
	Date-Modified = {2020-12-03 14:31:29 -0800},
	Journal = {arXiv preprint arXiv:1909.12906},
	Title = {Meta Reinforcement Learning for Sim-to-real Domain Adaptation},
	Year = {2019}}

@book{barfoot2017state,
	Author = {Barfoot, Timothy D},
	Date-Added = {2020-12-03 14:31:29 -0800},
	Date-Modified = {2020-12-03 14:31:29 -0800},
	Publisher = {Cambridge University Press},
	Title = {State estimation for robotics},
	Year = {2017}}

@inproceedings{bicchi2000robotic,
	Author = {Bicchi, Antonio and Kumar, Vijay},
	Booktitle = {ICRA},
	Date-Added = {2020-12-03 14:31:29 -0800},
	Date-Modified = {2020-12-03 14:31:29 -0800},
	Organization = {IEEE},
	Pages = {348--353},
	Title = {Robotic grasping and contact: A review},
	Volume = {1},
	Year = {2000}}

@article{bonardi2019learning,
	Author = {Bonardi, Alessandro and James, Stephen and Davison, Andrew J},
	Date-Added = {2020-12-03 14:31:29 -0800},
	Date-Modified = {2020-12-03 14:31:29 -0800},
	Journal = {arXiv preprint arXiv:1911.01103},
	Title = {Learning One-Shot Imitation from Humans without Humans},
	Year = {2019}}

@inproceedings{chebotar2017combining,
	Author = {Chebotar, Yevgen and Hausman, Karol and Zhang, Marvin and Sukhatme, Gaurav and Schaal, Stefan and Levine, Sergey},
	Booktitle = {ICML},
	Date-Added = {2020-12-03 14:31:29 -0800},
	Date-Modified = {2020-12-03 14:31:29 -0800},
	Organization = {JMLR. org},
	Pages = {703--711},
	Title = {Combining model-based and model-free updates for trajectory-centric reinforcement learning},
	Year = {2017}}

@inproceedings{deisenroth2011pilco,
	Author = {Deisenroth, Marc and Rasmussen, Carl E},
	Booktitle = {ICML},
	Date-Added = {2020-12-03 14:31:29 -0800},
	Date-Modified = {2020-12-03 14:31:29 -0800},
	Pages = {465--472},
	Title = {PILCO: A model-based and data-efficient approach to policy search},
	Year = {2011}}

@article{deisenroth2012solving,
	Author = {Deisenroth, Marc Peter and Peters, Jan},
	Date-Added = {2020-12-03 14:31:29 -0800},
	Date-Modified = {2020-12-03 14:31:29 -0800},
	Title = {Solving nonlinear continuous state-action-observation POMDPs for mechanical systems with Gaussian noise},
	Year = {2012}}

@article{duan2016rl,
	Author = {Duan, Yan and Schulman, John and Chen, Xi and Bartlett, Peter L and Sutskever, Ilya and Abbeel, Pieter},
	Date-Added = {2020-12-03 14:31:29 -0800},
	Date-Modified = {2020-12-03 14:31:29 -0800},
	Journal = {arXiv preprint arXiv:1611.02779},
	Keywords = {rl, meta-learning},
	Title = {RL2: Fast Reinforcement Learning via Slow Reinforcement Learning},
	Year = {2016}}

@inproceedings{duan2017one,
	Author = {Duan, Yan and Andrychowicz, Marcin and Stadie, Bradly and Ho, OpenAI Jonathan and Schneider, Jonas and Sutskever, Ilya and Abbeel, Pieter and Zaremba, Wojciech},
	Booktitle = {NeurIPS},
	Date-Added = {2020-12-03 14:31:29 -0800},
	Date-Modified = {2020-12-03 14:31:29 -0800},
	Pages = {1087--1098},
	Title = {One-shot imitation learning},
	Year = {2017}}

@inproceedings{finn2016deep,
	Author = {Finn, Chelsea and Tan, Xin Yu and Duan, Yan and Darrell, Trevor and Levine, Sergey and Abbeel, Pieter},
	Booktitle = {ICRA},
	Date-Added = {2020-12-03 14:31:29 -0800},
	Date-Modified = {2020-12-03 14:31:29 -0800},
	Organization = {IEEE},
	Pages = {512--519},
	Title = {Deep spatial autoencoders for visuomotor learning},
	Year = {2016}}

@inproceedings{finn2017deep,
	Author = {Finn, Chelsea and Levine, Sergey},
	Booktitle = {ICRA},
	Date-Added = {2020-12-03 14:31:29 -0800},
	Date-Modified = {2020-12-03 14:31:29 -0800},
	Organization = {IEEE},
	Pages = {2786--2793},
	Title = {Deep visual foresight for planning robot motion},
	Year = {2017}}

@inproceedings{finn2017one,
	Author = {Finn, Chelsea and Yu, Tianhe and Zhang, Tianhao and Abbeel, Pieter and Levine, Sergey},
	Booktitle = {CoRL},
	Date-Added = {2020-12-03 14:31:29 -0800},
	Date-Modified = {2020-12-03 14:31:29 -0800},
	Pages = {357--368},
	Title = {One-Shot Visual Imitation Learning via Meta-Learning},
	Year = {2017}}

@article{florence2019self,
	Author = {Florence, Peter and Manuelli, Lucas and Tedrake, Russ},
	Date-Added = {2020-12-03 14:31:29 -0800},
	Date-Modified = {2020-12-03 14:31:29 -0800},
	Journal = {IEEE Robotics and Automation Letters},
	Number = {2},
	Pages = {492--499},
	Publisher = {IEEE},
	Title = {Self-supervised correspondence in visuomotor policy learning},
	Volume = {5},
	Year = {2019}}

@inproceedings{gelada2019deepmdp,
	Author = {Gelada, Carles and Kumar, Saurabh and Buckman, Jacob and Nachum, Ofir and Bellemare, Marc G},
	Booktitle = {ICML},
	Date-Added = {2020-12-03 14:31:29 -0800},
	Date-Modified = {2020-12-03 14:31:29 -0800},
	Pages = {2170--2179},
	Title = {DeepMDP: Learning Continuous Latent Space Models for Representation Learning},
	Year = {2019}}

@inproceedings{ghadirzadeh2017deep,
	Author = {Ghadirzadeh, Ali and Maki, Atsuto and Kragic, Danica and Bj{\"o}rkman, M{\aa}rten},
	Booktitle = {IROS},
	Date-Added = {2020-12-03 14:31:29 -0800},
	Date-Modified = {2020-12-03 14:31:29 -0800},
	Keywords = {robotics, rl},
	Organization = {IEEE},
	Pages = {2351--2358},
	Title = {Deep predictive policy training using reinforcement learning},
	Year = {2017}}

@article{gregor2018temporal,
	Author = {Gregor, Karol and Besse, Frederic},
	Date-Added = {2020-12-03 14:31:29 -0800},
	Date-Modified = {2020-12-03 14:31:29 -0800},
	Journal = {arXiv preprint arXiv:1806.03107},
	Title = {Temporal difference variational auto-encoder},
	Year = {2018}}

@inproceedings{gu2017deep,
	Author = {Gu, Shixiang and Holly, Ethan and Lillicrap, Timothy and Levine, Sergey},
	Booktitle = {ICRA},
	Date-Added = {2020-12-03 14:31:29 -0800},
	Date-Modified = {2020-12-03 14:31:29 -0800},
	Organization = {IEEE},
	Pages = {3389--3396},
	Title = {Deep reinforcement learning for robotic manipulation with asynchronous off-policy updates},
	Year = {2017}}

@article{gullapalli1994acquiring,
	Author = {Gullapalli, Vijaykumar and Franklin, Judy A and Benbrahim, Hamid},
	Date-Added = {2020-12-03 14:31:29 -0800},
	Date-Modified = {2020-12-03 14:31:29 -0800},
	Journal = {IEEE CSM},
	Number = {1},
	Pages = {13--24},
	Publisher = {IEEE},
	Title = {Acquiring robot skills via reinforcement learning},
	Volume = {14},
	Year = {1994}}

@article{haarnoja2018softapp,
	Author = {Haarnoja, Tuomas and Zhou, Aurick and Hartikainen, Kristian and Tucker, George and Ha, Sehoon and Tan, Jie and Kumar, Vikash and Zhu, Henry and Gupta, Abhishek and Abbeel, Pieter and others},
	Date-Added = {2020-12-03 14:31:29 -0800},
	Date-Modified = {2020-12-03 14:31:29 -0800},
	Journal = {arXiv preprint arXiv:1812.05905},
	Title = {Soft Actor-Critic Algorithms and Applications},
	Year = {2018}}

@article{hafner2018learning,
	Author = {Hafner, Danijar and Lillicrap, Timothy and Fischer, Ian and Villegas, Ruben and Ha, David and Lee, Honglak and Davidson, James},
	Date-Added = {2020-12-03 14:31:29 -0800},
	Date-Modified = {2020-12-03 14:31:29 -0800},
	Journal = {arXiv preprint arXiv:1811.04551},
	Title = {Learning latent dynamics for planning from pixels},
	Year = {2018}}

@inproceedings{hafner2019learning,
	Author = {Hafner, Danijar and Lillicrap, Timothy and Fischer, Ian and Villegas, Ruben and Ha, David and Lee, Honglak and Davidson, James},
	Booktitle = {ICML},
	Date-Added = {2020-12-03 14:31:29 -0800},
	Date-Modified = {2020-12-03 14:31:29 -0800},
	Pages = {2555--2565},
	Title = {Learning latent dynamics for planning from pixels},
	Year = {2019}}

@book{henrich2012robot,
	Author = {Henrich, Dominik and W{\"o}rn, Heinz},
	Date-Added = {2020-12-03 14:31:29 -0800},
	Date-Modified = {2020-12-03 14:31:29 -0800},
	Publisher = {Springer Science \& Business Media},
	Title = {Robot manipulation of deformable objects},
	Year = {2012}}

@article{humplik2019meta,
	Author = {Humplik, Jan and Galashov, Alexandre and Hasenclever, Leonard and Ortega, Pedro A and Teh, Yee Whye and Heess, Nicolas},
	Date-Added = {2020-12-03 14:31:29 -0800},
	Date-Modified = {2020-12-03 14:31:29 -0800},
	Journal = {arXiv preprint arXiv:1905.06424},
	Title = {Meta reinforcement learning as task inference},
	Year = {2019}}

@article{jaderberg2016reinforcement,
	Author = {Jaderberg, Max and Mnih, Volodymyr and Czarnecki, Wojciech Marian and Schaul, Tom and Leibo, Joel Z and Silver, David and Kavukcuoglu, Koray},
	Date-Added = {2020-12-03 14:31:29 -0800},
	Date-Modified = {2020-12-03 14:31:29 -0800},
	Journal = {arXiv preprint arXiv:1611.05397},
	Keywords = {rl, representation learning},
	Title = {Reinforcement learning with unsupervised auxiliary tasks},
	Year = {2016}}

@article{johannsmeier2018framework,
	Author = {Johannsmeier, Lars and Gerchow, Malkin and Haddadin, Sami},
	Date-Added = {2020-12-03 14:31:29 -0800},
	Date-Modified = {2020-12-03 14:31:29 -0800},
	Journal = {arXiv preprint arXiv:1805.08576},
	Title = {A Framework for Robot Manipulation: Skill Formalism, Meta Learning and Adaptive Control},
	Year = {2018}}

@inproceedings{kalashnikov2018scalable,
	Author = {Kalashnikov, Dmitry and Irpan, Alex and Pastor, Peter and Ibarz, Julian and Herzog, Alexander and Jang, Eric and Quillen, Deirdre and Holly, Ethan and Kalakrishnan, Mrinal and Vanhoucke, Vincent and others},
	Booktitle = {CoRL},
	Date-Added = {2020-12-03 14:31:29 -0800},
	Date-Modified = {2020-12-03 14:31:29 -0800},
	Pages = {651--673},
	Title = {Scalable Deep Reinforcement Learning for Vision-Based Robotic Manipulation},
	Year = {2018}}

@article{kalman1960new,
	Author = {Kalman, R.E.},
	Date-Added = {2020-12-03 14:31:29 -0800},
	Date-Modified = {2020-12-03 14:31:29 -0800},
	Journal = {Journal of Basic Engineering},
	Number = {1},
	Pages = {35--45},
	Publisher = {Citeseer},
	Title = {A new approach to linear filtering and prediction problems},
	Volume = {82},
	Year = {1960}}

@inproceedings{karkus2017qmdp,
	Author = {Karkus, Peter and Hsu, David and Lee, Wee Sun},
	Booktitle = {NeurIPS},
	Date-Added = {2020-12-03 14:31:29 -0800},
	Date-Modified = {2020-12-03 14:31:29 -0800},
	Pages = {4694--4704},
	Title = {Qmdp-net: Deep learning for planning under partial observability},
	Year = {2017}}

@inproceedings{karl2016deep,
	Author = {Karl, Maximilian and Soelch, Maximilian and Bayer, Justin and van der Smagt, Patrick},
	Booktitle = {ICLR},
	Date-Added = {2020-12-03 14:31:29 -0800},
	Date-Modified = {2020-12-03 14:31:29 -0800},
	Title = {Deep Variational Bayes Filters: Unsupervised Learning of State Space Models from Raw Data},
	Year = {2016}}

@article{kober2013reinforcement,
	Author = {Kober, Jens and Bagnell, J Andrew and Peters, Jan},
	Date-Added = {2020-12-03 14:31:29 -0800},
	Date-Modified = {2020-12-03 14:31:29 -0800},
	Journal = {IJRR},
	Number = {11},
	Pages = {1238--1274},
	Publisher = {SAGE Publications Sage UK: London, England},
	Title = {Reinforcement learning in robotics: A survey},
	Volume = {32},
	Year = {2013}}

@inproceedings{kronander2014task,
	Author = {Kronander, Klas and Burdet, Etienne and Billard, Aude},
	Booktitle = {WHRI},
	Date-Added = {2020-12-03 14:31:29 -0800},
	Date-Modified = {2020-12-03 14:31:29 -0800},
	Organization = {Citeseer},
	Title = {Task transfer via collaborative manipulation for insertion assembly},
	Year = {2014}}

@article{kumar2019contextual,
	Author = {Kumar, Visak and Herman, Tucker and Fox, Dieter and Birchfield, Stan and Tremblay, Jonathan},
	Date-Added = {2020-12-03 14:31:29 -0800},
	Date-Modified = {2020-12-03 14:31:29 -0800},
	Journal = {arXiv preprint arXiv:1911.09233},
	Title = {Contextual Reinforcement Learning of Visuo-tactile Multi-fingered Grasping Policies},
	Year = {2019}}

@inproceedings{lange2012autonomous,
	Author = {Lange, Sascha and Riedmiller, Martin and Voigtl{\"a}nder, Arne},
	Booktitle = {IJCNN},
	Date-Added = {2020-12-03 14:31:29 -0800},
	Date-Modified = {2020-12-03 14:31:29 -0800},
	Organization = {IEEE},
	Pages = {1--8},
	Title = {Autonomous reinforcement learning on raw visual input data in a real world application},
	Year = {2012}}

@article{lee2018making,
	Author = {Lee, Michelle A and Zhu, Yuke and Srinivasan, Krishnan and Shah, Parth and Savarese, Silvio and Fei-Fei, Li and Garg, Animesh and Bohg, Jeannette},
	Date-Added = {2020-12-03 14:31:29 -0800},
	Date-Modified = {2020-12-03 14:31:29 -0800},
	Journal = {arXiv preprint arXiv:1810.10191},
	Title = {Making sense of vision and touch: Self-supervised learning of multimodal representations for contact-rich tasks},
	Year = {2018}}

@article{lee2019slac,
	Author = {Lee, Alex and Nagabandi, Anusha and Abbeel, Pieter and Levine, Sergey},
	Date-Added = {2020-12-03 14:31:29 -0800},
	Date-Modified = {2020-12-16 00:16:18 +0100},
	Journal = {arXiv preprint arXiv:1907.00953},
	Title = {Stochastic Latent Actor-Critic: Deep Reinforcement Learning with a Latent Variable Model},
	Year = {2019}}

@article{lesort2018state,
	Author = {Lesort, Timothee and Diaz-Rodriguez, Natalia and Goudou, Jean-Franois and Filliat, David},
	Date-Added = {2020-12-03 14:31:29 -0800},
	Date-Modified = {2020-12-03 14:31:29 -0800},
	Journal = {Neural Networks},
	Pages = {379--392},
	Publisher = {Elsevier},
	Title = {State representation learning for control: An overview},
	Volume = {108},
	Year = {2018}}

@inproceedings{levine2015learning,
	Author = {Levine, Sergey and Wagener, Nolan and Abbeel, Pieter},
	Booktitle = {ICRA},
	Date-Added = {2020-12-03 14:31:29 -0800},
	Date-Modified = {2020-12-03 14:31:29 -0800},
	Organization = {IEEE},
	Pages = {156--163},
	Title = {Learning contact-rich manipulation skills with guided policy search},
	Year = {2015}}

@article{levine2016end,
	Author = {Levine, Sergey and Finn, Chelsea and Darrell, Trevor and Abbeel, Pieter},
	Date-Added = {2020-12-03 14:31:29 -0800},
	Date-Modified = {2020-12-03 14:31:29 -0800},
	Journal = {JMLR},
	Number = {1},
	Pages = {1334--1373},
	Publisher = {JMLR. org},
	Title = {End-to-end training of deep visuomotor policies},
	Volume = {17},
	Year = {2016}}

@article{mahadevan1992automatic,
	Author = {Mahadevan, Sridhar and Connell, Jonathan},
	Date-Added = {2020-12-03 14:31:29 -0800},
	Date-Modified = {2020-12-03 14:31:29 -0800},
	Journal = {AI},
	Number = {2-3},
	Pages = {311--365},
	Publisher = {Elsevier},
	Title = {Automatic programming of behavior-based robots using reinforcement learning},
	Volume = {55},
	Year = {1992}}

@article{McGeer01041990,
	Author = {McGeer, Tad},
	Date-Added = {2020-12-03 14:31:29 -0800},
	Date-Modified = {2020-12-03 14:31:29 -0800},
	Journal = {IJRR},
	Number = {2},
	Pages = {62-82},
	Title = {Passive Dynamic Walking},
	Volume = {9},
	Year = {1990}}

@article{mendonca2019guided,
	Author = {Mendonca, Russell and Gupta, Abhishek and Kralev, Rosen and Abbeel, Pieter and Levine, Sergey and Finn, Chelsea},
	Date-Added = {2020-12-03 14:31:29 -0800},
	Date-Modified = {2020-12-03 14:31:29 -0800},
	Journal = {arXiv preprint arXiv:1904.00956},
	Title = {Guided Meta-Policy Search},
	Year = {2019}}

@article{mishra2017meta-learning,
	Author = {Mishra, Nikhil and Rohaninejad, Mostafa and Chen, Xi and Abbeel, Pieter},
	Date-Added = {2020-12-03 14:31:29 -0800},
	Date-Modified = {2020-12-03 14:31:29 -0800},
	Journal = {arXiv:1707.03141},
	Keywords = {meta-learning},
	Title = {Meta-Learning with Temporal Convolutions},
	Year = {2017}}

@article{mnih2013playing,
	Author = {Mnih, Volodymyr and Kavukcuoglu, Koray and Silver, David and Graves, Alex and Antonoglou, Ioannis and Wierstra, Daan and Riedmiller, Martin},
	Date-Added = {2020-12-03 14:31:29 -0800},
	Date-Modified = {2020-12-03 14:31:29 -0800},
	Journal = {arXiv preprint arXiv:1312.5602},
	Title = {Playing atari with deep reinforcement learning},
	Year = {2013}}

@article{nagabandi2018learning,
	Author = {Nagabandi, Anusha and Clavera, Ignasi and Liu, Simin and Fearing, Ronald S and Abbeel, Pieter and Levine, Sergey and Finn, Chelsea},
	Date-Added = {2020-12-03 14:31:29 -0800},
	Date-Modified = {2020-12-03 14:31:29 -0800},
	Journal = {arXiv preprint arXiv:1803.11347},
	Title = {Learning to adapt in dynamic, real-world environments through meta-RL},
	Year = {2018}}

@inproceedings{nair2018visual,
	Author = {Nair, Ashvin V and Pong, Vitchyr and Dalal, Murtaza and Bahl, Shikhar and Lin, Steven and Levine, Sergey},
	Booktitle = {NeurIPS},
	Date-Added = {2020-12-03 14:31:29 -0800},
	Date-Modified = {2020-12-03 14:31:29 -0800},
	Pages = {9191--9200},
	Title = {Visual reinforcement learning with imagined goals},
	Year = {2018}}

@inproceedings{newman2001interpretation,
	Author = {Newman, Wyatt S and Zhao, Yonghong and Pao, Y-H},
	Booktitle = {ICRA},
	Date-Added = {2020-12-03 14:31:29 -0800},
	Date-Modified = {2020-12-03 14:31:29 -0800},
	Organization = {IEEE},
	Pages = {571--576},
	Title = {Interpretation of force and moment signals for compliant peg-in-hole assembly},
	Volume = {1},
	Year = {2001}}

@article{pereira2004decentralized,
	Author = {Pereira, Guilherme AS and Campos, Mario FM and Kumar, Vijay},
	Date-Added = {2020-12-03 14:31:29 -0800},
	Date-Modified = {2020-12-03 14:31:29 -0800},
	Journal = {IJRR},
	Number = {7-8},
	Pages = {783--795},
	Publisher = {SAGE Publications},
	Title = {Decentralized algorithms for multi-robot manipulation via caging},
	Volume = {23},
	Year = {2004}}

@article{perez2020generalized,
	Author = {Perez, Christian F and Such, Felipe Petroski and Karaletsos, Theofanis},
	Date-Added = {2020-12-03 14:31:29 -0800},
	Date-Modified = {2020-12-03 14:31:29 -0800},
	Journal = {arXiv preprint arXiv:2002.03072},
	Title = {Generalized Hidden Parameter MDPs Transferable Model-based RL in a Handful of Trials},
	Year = {2020}}

@inproceedings{pineau2003point,
	Author = {Pineau, Joelle and Gordon, Geoff and Thrun, Sebastian and others},
	Booktitle = {IJCAI},
	Date-Added = {2020-12-03 14:31:29 -0800},
	Date-Modified = {2020-12-03 14:31:29 -0800},
	Pages = {1025--1032},
	Title = {Point-based value iteration: An anytime algorithm for POMDPs},
	Volume = {3},
	Year = {2003}}

@inproceedings{pinto2016supersizing,
	Author = {Pinto, Lerrel and Gupta, Abhinav},
	Booktitle = {ICRA},
	Date-Added = {2020-12-03 14:31:29 -0800},
	Date-Modified = {2020-12-03 14:31:29 -0800},
	Organization = {IEEE},
	Pages = {3406--3413},
	Title = {Supersizing self-supervision: Learning to grasp from 50k tries and 700 robot hours},
	Year = {2016}}

@article{pong2019skew,
	Author = {Pong, Vitchyr H and Dalal, Murtaza and Lin, Steven and Nair, Ashvin and Bahl, Shikhar and Levine, Sergey},
	Date-Added = {2020-12-03 14:31:29 -0800},
	Date-Modified = {2020-12-03 14:31:29 -0800},
	Journal = {arXiv preprint arXiv:1903.03698},
	Title = {Skew-Fit: State-Covering Self-Supervised Reinforcement Learning},
	Year = {2019}}

@inproceedings{rakelly2019efficient,
	Author = {Rakelly, Kate and Zhou, Aurick and Quillen, Deirdre and Finn, Chelsea and Levine, Sergey},
	Booktitle = {ICML},
	Date-Added = {2020-12-03 14:31:29 -0800},
	Date-Modified = {2020-12-03 14:31:29 -0800},
	Title = {Efficient Off-Policy Meta-Reinforcement Learning via Probabilistic Context Variables},
	Year = {2019}}

@article{ross2011bayesian,
	Author = {Ross, St{\'e}phane and Pineau, Joelle and Chaib-draa, Brahim and Kreitmann, Pierre},
	Date-Added = {2020-12-03 14:31:29 -0800},
	Date-Modified = {2020-12-03 14:31:29 -0800},
	Journal = {JMLR},
	Number = {May},
	Pages = {1729--1770},
	Title = {A Bayesian approach for learning and planning in partially observable Markov decision processes},
	Volume = {12},
	Year = {2011}}

@inproceedings{sax2019mid,
	Author = {Alexander Sax and Bradley Emi and Amir R. Zamir and Leonidas J. Guibas and Silvio Savarese and Jitendra Malik},
	Booktitle = {CoRL},
	Date-Added = {2020-12-03 14:31:29 -0800},
	Date-Modified = {2020-12-03 14:31:29 -0800},
	Keywords = {vision, robotics, navigation},
	Title = {Mid-Level Visual Representations Improve Generalization and Sample Efficiency for Learning Visuomotor Policies},
	Year = {2019}}

@article{schmidt2016self,
	Author = {Schmidt, Tanner and Newcombe, Richard and Fox, Dieter},
	Date-Added = {2020-12-03 14:31:29 -0800},
	Date-Modified = {2020-12-03 14:31:29 -0800},
	Journal = {IEEE Robotics and Automation Letters},
	Number = {2},
	Pages = {420--427},
	Publisher = {IEEE},
	Title = {Self-supervised visual descriptor learning for dense correspondence},
	Volume = {2},
	Year = {2016}}

@inproceedings{schoettler2019deep,
	Author = {Schoettler, Gerrit and Nair, Ashvin and Luo, Jianlan and Bahl, Shikhar and Ojea, Juan Aparicio and Solowjow, Eugen and Levine, Sergey},
	Booktitle = {ICLR},
	Date-Added = {2020-12-03 14:31:29 -0800},
	Date-Modified = {2020-12-03 14:31:29 -0800},
	Title = {Deep Reinforcement Learning for Industrial Insertion Tasks with Visual Inputs and Natural Reward Signals},
	Year = {2019}}

@article{shelhamer2016loss,
	Author = {Shelhamer, Evan and Mahmoudieh, Parsa and Argus, Max and Darrell, Trevor},
	Date-Added = {2020-12-03 14:31:29 -0800},
	Date-Modified = {2020-12-03 14:31:29 -0800},
	Journal = {arXiv preprint arXiv:1612.07307},
	Keywords = {rl},
	Title = {Loss is its own reward: Self-supervision for reinforcement learning},
	Year = {2016}}

@article{singh34end,
	Author = {Singh, Avi and Yang, Larry and Hartikainen, Kristian and Finn, Chelsea and Levine, Sergey},
	Date-Added = {2020-12-03 14:31:29 -0800},
	Date-Modified = {2020-12-03 14:31:29 -0800},
	Journal = {environment (eg, by placing additional sensors)},
	Pages = {44},
	Title = {End-to-End Robotic Reinforcement Learning without Reward Engineering},
	Volume = {34},
	Year = {2020}}

@article{song2020rapidly,
	Author = {Song, Xingyou and Yang, Yuxiang and Choromanski, Krzysztof and Caluwaerts, Ken and Gao, Wenbo and Finn, Chelsea and Tan, Jie},
	Date-Added = {2020-12-03 14:31:29 -0800},
	Date-Modified = {2020-12-03 14:31:29 -0800},
	Journal = {arXiv preprint arXiv:2003.01239},
	Title = {Rapidly Adaptable Legged Robots via Evolutionary Meta-Learning},
	Year = {2020}}

@misc{thrun2005probabilistic,
	Author = {Thrun, Sebastian and Burgard, Wolfram and Fox, Dieter and others},
	Date-Added = {2020-12-03 14:31:29 -0800},
	Date-Modified = {2020-12-03 14:31:29 -0800},
	Publisher = {MIT press Cambridge},
	Title = {Probabilistic robotics, vol. 1},
	Year = {2005}}

@inproceedings{tremblay2018deep,
	Author = {Tremblay, Jonathan and To, Thang and Sundaralingam, Balakumar and Xiang, Yu and Fox, Dieter and Birchfield, Stan},
	Booktitle = {CoRL},
	Date-Added = {2020-12-03 14:31:29 -0800},
	Date-Modified = {2020-12-03 14:31:29 -0800},
	Pages = {306--316},
	Title = {Deep Object Pose Estimation for Semantic Robotic Grasping of Household Objects},
	Year = {2018}}

@book{wainwright2008graphical,
	Author = {Wainwright, Martin J and Jordan, Michael Irwin},
	Date-Added = {2020-12-03 14:31:29 -0800},
	Date-Modified = {2020-12-03 14:31:29 -0800},
	Publisher = {Now Publishers Inc},
	Title = {Graphical models, exponential families, and variational inference},
	Year = {2008}}

@inproceedings{watter2015embed,
	Author = {Watter, Manuel and Springenberg, Jost and Boedecker, Joschka and Riedmiller, Martin},
	Booktitle = {NeurIPS},
	Date-Added = {2020-12-03 14:31:29 -0800},
	Date-Modified = {2020-12-03 14:31:29 -0800},
	Pages = {2746--2754},
	Title = {Embed to control: A locally linear latent dynamics model for control from raw images},
	Year = {2015}}

@inproceedings{xie2018few,
	Author = {Xie, Annie and Singh, Avi and Levine, Sergey and Finn, Chelsea},
	Booktitle = {CoRL},
	Date-Added = {2020-12-03 14:31:29 -0800},
	Date-Modified = {2020-12-03 14:31:29 -0800},
	Pages = {40--52},
	Title = {Few-Shot Goal Inference for Visuomotor Learning and Planning},
	Year = {2018}}

@inproceedings{yadaiah2006neural,
	Author = {Yadaiah, Narri and Sowmya, G},
	Booktitle = {IJCNN},
	Date-Added = {2020-12-03 14:31:29 -0800},
	Date-Modified = {2020-12-03 14:31:29 -0800},
	Organization = {IEEE},
	Pages = {1042--1049},
	Title = {Neural network based state estimation of dynamical systems},
	Year = {2006}}

@article{yarats2019improving,
	Author = {Yarats, Denis and Zhang, Amy and Kostrikov, Ilya and Amos, Brandon and Pineau, Joelle and Fergus, Rob},
	Date-Added = {2020-12-03 14:31:29 -0800},
	Date-Modified = {2020-12-03 14:31:29 -0800},
	Journal = {arXiv preprint arXiv:1910.01741},
	Title = {Improving Sample Efficiency in Model-Free Reinforcement Learning from Images},
	Year = {2019}}

@inproceedings{yu2018one,
	Author = {Yu, Tianhe and Finn, Chelsea and Xie, Annie and Dasari, Sudeep and Zhang, Tianhao and Abbeel, Pieter and Levine, Sergey},
	Booktitle = {ICLR},
	Date-Added = {2020-12-03 14:31:29 -0800},
	Date-Modified = {2020-12-03 14:31:29 -0800},
	Title = {One-Shot Imitation from Observing Humans via Domain-Adaptive Meta-Learning},
	Year = {2018}}

@article{yu2019meta,
	Author = {Yu, Tianhe and Quillen, Deirdre and He, Zhanpeng and Julian, Ryan and Hausman, Karol and Finn, Chelsea and Levine, Sergey},
	Date-Added = {2020-12-03 14:31:29 -0800},
	Date-Modified = {2020-12-03 14:31:29 -0800},
	Journal = {arXiv preprint arXiv:1910.10897},
	Title = {Meta-world: A benchmark and evaluation for multi-task and meta reinforcement learning},
	Year = {2019}}

@article{zeng2018learning,
	Author = {Zeng, Andy and Song, Shuran and Welker, Stefan and Lee, Johnny and Rodriguez, Alberto and Funkhouser, Thomas},
	Date-Added = {2020-12-03 14:31:29 -0800},
	Date-Modified = {2020-12-03 14:31:29 -0800},
	Journal = {arXiv preprint arXiv:1803.09956},
	Keywords = {grasping},
	Title = {Learning Synergies between Pushing and Grasping with Self-supervised Deep RL},
	Year = {2018}}

@article{zeng2019tossingbot,
	Author = {Zeng, Andy and Song, Shuran and Lee, Johnny and Rodriguez, Alberto and Funkhouser, Thomas},
	Date-Added = {2020-12-03 14:31:29 -0800},
	Date-Modified = {2020-12-03 14:31:29 -0800},
	Journal = {arXiv preprint arXiv:1903.11239},
	Title = {Tossingbot: Learning to throw arbitrary objects with residual physics},
	Year = {2019}}

@inproceedings{zhang2019solar,
	Author = {Zhang, Marvin and Vikram, Sharad and Smith, Laura and Abbeel, Pieter and Johnson, Matthew and Levine, Sergey},
	Booktitle = {ICML},
	Date-Added = {2020-12-03 14:31:29 -0800},
	Date-Modified = {2020-12-03 14:31:29 -0800},
	Pages = {7444--7453},
	Title = {SOLAR: Deep Structured Representations for Model-Based Reinforcement Learning},
	Year = {2019}}

@inproceedings{zhu2019dexterous,
	Author = {Zhu, Henry and Gupta, Abhishek and Rajeswaran, Aravind and Levine, Sergey and Kumar, Vikash},
	Booktitle = {ICRA},
	Date-Added = {2020-12-03 14:31:29 -0800},
	Date-Modified = {2020-12-03 14:31:29 -0800},
	Organization = {IEEE},
	Pages = {3651--3657},
	Title = {Dexterous manipulation with deep reinforcement learning: Efficient, general, and low-cost},
	Year = {2019}}

@article{zintgraf2019varibad,
	Author = {Zintgraf, Luisa and Shiarlis, Kyriacos and Igl, Maximilian and Schulze, Sebastian and Gal, Yarin and Hofmann, Katja and Whiteson, Shimon},
	Date-Added = {2020-12-03 14:31:29 -0800},
	Date-Modified = {2020-12-03 14:31:29 -0800},
	Journal = {arXiv preprint arXiv:1910.08348},
	Keywords = {meta-learning, rl},
	Title = {VariBAD: A Very Good Method for Bayes-Adaptive Deep RL via Meta-Learning},
	Year = {2019}}

@inproceedings{andrychowicz2017hindsight,
	Author = {Andrychowicz, Marcin and Wolski, Filip and Ray, Alex and Schneider, Jonas and Fong, Rachel and Welinder, Peter and McGrew, Bob and Tobin, Josh and Abbeel, OpenAI Pieter and Zaremba, Wojciech},
	Booktitle = {Advances in Neural Information Processing Systems},
	Date-Added = {2020-12-03 14:25:34 -0800},
	Date-Modified = {2020-12-03 14:25:34 -0800},
	Title = {Hindsight experience replay},
	Year = {2017}}

@book{bengio1990learning,
	Author = {Bengio, Yoshua and Bengio, Samy and Cloutier, Jocelyn},
	Date-Added = {2020-12-03 14:25:34 -0800},
	Date-Modified = {2020-12-03 14:25:34 -0800},
	Publisher = {Universit{\'e} de Montr{\'e}al},
	Title = {Learning a synaptic learning rule},
	Year = {1990}}

@inproceedings{clavera2018learning,
	Author = {Nagabandi, Anusha and Clavera, Ignasi and Liu, Simin and Fearing, Ronald S and Abbeel, Pieter and Levine, Sergey and Finn, Chelsea},
	Booktitle = {International Conference on Learning Representations (ICLR)},
	Date-Added = {2020-12-03 14:25:34 -0800},
	Date-Modified = {2020-12-03 14:25:34 -0800},
	Title = {Learning to Adapt in Dynamic, Real-World Environments through Meta-Reinforcement Learning},
	Year = {2019}}

@inproceedings{doshi2016hidden,
	Author = {Doshi-Velez, Finale and Konidaris, George},
	Booktitle = {IJCAI: proceedings of the conference},
	Date-Added = {2020-12-03 14:25:34 -0800},
	Date-Modified = {2020-12-03 14:25:34 -0800},
	Organization = {NIH Public Access},
	Pages = {1432},
	Title = {Hidden parameter markov decision processes: A semiparametric regression approach for discovering latent task parametrizations},
	Volume = {2016},
	Year = {2016}}

@inproceedings{fe2003bayesian,
	Author = {Fei-Fei, Li and others},
	Booktitle = {Proceedings Ninth IEEE International Conference on Computer Vision},
	Date-Added = {2020-12-03 14:25:34 -0800},
	Date-Modified = {2020-12-03 14:25:34 -0800},
	Organization = {IEEE},
	Pages = {1134--1141},
	Title = {A Bayesian approach to unsupervised one-shot learning of object categories},
	Year = {2003}}

@inproceedings{finn2018probabilistic,
	Author = {Finn, Chelsea and Xu, Kelvin and Levine, Sergey},
	Booktitle = {Advances in Neural Information Processing Systems},
	Date-Added = {2020-12-03 14:25:34 -0800},
	Date-Modified = {2020-12-03 14:25:34 -0800},
	Pages = {9537--9548},
	Title = {Probabilistic model-agnostic meta-learning},
	Year = {2018}}

@inproceedings{florensa2016stochastic,
	Author = {Florensa, Carlos and Duan, Yan and Abbeel, Pieter},
	Booktitle = {International Conference on Learning Representations},
	Date-Added = {2020-12-03 14:25:34 -0800},
	Date-Modified = {2020-12-03 14:25:34 -0800},
	Title = {Stochastic Neural Networks for Hierarchical Reinforcement Learning},
	Year = {2017}}

@inproceedings{gordon2019meta,
	Author = {Gordon, Jonathan and Bronskill, John and Bauer, Matthias and Nowozin, Sebastian and Turner, Richard},
	Booktitle = {International Conference on Learning Representations},
	Date-Added = {2020-12-03 14:25:34 -0800},
	Date-Modified = {2020-12-03 14:25:34 -0800},
	Title = {Meta-Learning Probabilistic Inference for Prediction},
	Year = {2019}}

@inproceedings{grant2018recasting,
	Author = {Grant, Erin and Finn, Chelsea and Levine, Sergey and Darrell, Trevor and Griffiths, Thomas},
	Booktitle = {International Conference on Learning Representations},
	Date-Added = {2020-12-03 14:25:34 -0800},
	Date-Modified = {2020-12-03 14:25:34 -0800},
	Title = {Recasting gradient-based meta-learning as hierarchical bayes},
	Year = {2018}}

@inproceedings{gupta2018meta,
	Author = {Gupta, Abhishek and Mendonca, Russell and Liu, YuXuan and Abbeel, Pieter and Levine, Sergey},
	Booktitle = {Advances in Neural Information Processing Systems},
	Date-Added = {2020-12-03 14:25:34 -0800},
	Date-Modified = {2020-12-03 14:25:34 -0800},
	Title = {Meta-Reinforcement Learning of Structured Exploration Strategies},
	Year = {2018}}

@inproceedings{haarnoja2018soft,
	Author = {Haarnoja, Tuomas and Zhou, Aurick and Abbeel, Pieter and Levine, Sergey},
	Booktitle = {International Conference on Machine Learning},
	Date-Added = {2020-12-03 14:25:34 -0800},
	Date-Modified = {2020-12-03 14:25:34 -0800},
	Title = {Soft actor-critic: Off-policy maximum entropy deep reinforcement learning with a stochastic actor},
	Year = {2018}}

@inproceedings{hausknecht2015deep,
	Author = {Hausknecht, Matthew and Stone, Peter},
	Booktitle = {2015 AAAI Fall Symposium Series},
	Date-Added = {2020-12-03 14:25:34 -0800},
	Date-Modified = {2020-12-03 14:25:34 -0800},
	Title = {Deep Recurrent Q-Learning for Partially Observable MDPs},
	Year = {2015}}

@inproceedings{hausman2018learning,
	Author = {Hausman, Karol and Springenberg, Jost Tobias and Wang, Ziyu and Heess, Nicolas and Riedmiller, Martin},
	Booktitle = {International Conference on Learning Representations},
	Date-Added = {2020-12-03 14:25:34 -0800},
	Date-Modified = {2020-12-03 14:25:34 -0800},
	Title = {Learning an embedding space for transferable robot skills},
	Year = {2018}}

@article{heess2015memory,
	Author = {Heess, Nicolas and Hunt, Jonathan J and Lillicrap, Timothy P and Silver, David},
	Date-Added = {2020-12-03 14:25:34 -0800},
	Date-Modified = {2020-12-03 14:25:34 -0800},
	Journal = {arXiv preprint arXiv:1512.04455},
	Title = {Memory-based control with recurrent neural networks},
	Year = {2015}}

@inproceedings{houthooft2018evolved,
	Author = {Houthooft, Rein and Chen, Richard Y and Isola, Phillip and Stadie, Bradly C and Wolski, Filip and Ho, Jonathan and Abbeel, Pieter},
	Booktitle = {Neural Information Processing Systems (NIPS)},
	Date-Added = {2020-12-03 14:25:34 -0800},
	Date-Modified = {2020-12-03 14:25:34 -0800},
	Title = {Evolved policy gradients},
	Year = {2018}}

@inproceedings{igl2018deep,
	Author = {Igl, Maximilian and Zintgraf, Luisa and Le, Tuan Anh and Wood, Frank and Whiteson, Shimon},
	Booktitle = {International Conference on Machine Learning},
	Date-Added = {2020-12-03 14:25:34 -0800},
	Date-Modified = {2020-12-03 14:25:34 -0800},
	Title = {Deep Variational Reinforcement Learning for POMDPs},
	Year = {2018}}

@inproceedings{james2018task,
	Author = {James, Stephen and Bloesch, Michael and Davison, Andrew J},
	Booktitle = {Conference on Robot Learning},
	Date-Added = {2020-12-03 14:25:34 -0800},
	Date-Modified = {2020-12-03 14:25:34 -0800},
	Title = {Task-Embedded Control Networks for Few-Shot Imitation Learning},
	Year = {2018}}

@inproceedings{kaelbling1993learning,
	Author = {Kaelbling, Leslie Pack},
	Booktitle = {IJCAI},
	Date-Added = {2020-12-03 14:25:34 -0800},
	Date-Modified = {2020-12-03 14:25:34 -0800},
	Organization = {Citeseer},
	Title = {Learning to achieve goals},
	Year = {1993}}

@inproceedings{kaelbling1998planning,
	Author = {Kaelbling, Leslie Pack and Littman, Michael and Cassandra, Anthony},
	Date-Added = {2020-12-03 14:25:34 -0800},
	Date-Modified = {2020-12-03 14:25:34 -0800},
	Journal = {Artificial Intelligence},
	Pages = {99-134},
	Title = {Planning and Acting in Partially Observable Stochastic Domains},
	Volume = {101},
	Year = {1998}}

@inproceedings{kingma2013auto,
	Author = {Kingma, Diederik P and Welling, Max},
	Booktitle = {International Conference on Learning Representations},
	Date-Added = {2020-12-03 14:25:34 -0800},
	Date-Modified = {2020-12-03 14:25:34 -0800},
	Title = {Auto-encoding variational bayes},
	Year = {2014}}

@inproceedings{mishra2018simple,
	Author = {Mishra, Nikhil and Rohaninejad, Mostafa and Chen, Xi and Abbeel, Pieter},
	Booktitle = {International Conference on Learning Representations},
	Date-Added = {2020-12-03 14:25:34 -0800},
	Date-Modified = {2020-12-03 14:25:34 -0800},
	Title = {A simple neural attentive meta-learner},
	Year = {2018}}

@article{neal1990learning,
	Author = {Neal, Radford M},
	Date-Added = {2020-12-03 14:25:34 -0800},
	Date-Modified = {2020-12-03 14:25:34 -0800},
	Journal = {Department of Computer Science, University of Toronto},
	Number = {9},
	Publisher = {Citeseer},
	Title = {Learning stochastic feedforward networks},
	Volume = {64},
	Year = {1990}}

@article{nichol2018reptile,
	Author = {Nichol, Alex and Schulman, John},
	Date-Added = {2020-12-03 14:25:34 -0800},
	Date-Modified = {2020-12-03 14:25:34 -0800},
	Journal = {arXiv preprint arXiv:1803.02999},
	Title = {Reptile: a Scalable Metalearning Algorithm},
	Year = {2018}}

@inproceedings{oreshkin2018tadam,
	Author = {Oreshkin, Boris N and Lacoste, Alexandre and Rodriguez, Pau},
	Date-Added = {2020-12-03 14:25:34 -0800},
	Date-Modified = {2020-12-03 14:25:34 -0800},
	Journal = {Advances in Neural Information Processing Systems},
	Title = {TADAM: Task dependent adaptive metric for improved few-shot learning},
	Year = {2018}}

@inproceedings{osband2013more,
	Author = {Osband, Ian and Van Roy, Benjamin and Russo, Daniel},
	Booktitle = {Advances in Neural Information Processing Systems},
	Date-Added = {2020-12-03 14:25:34 -0800},
	Date-Modified = {2020-12-03 14:25:34 -0800},
	Title = {(More) Efficient Reinforcement Learning via Posterior Sampling},
	Year = {2013}}

@inproceedings{osband2016bootstrapped,
	Author = {Osband, Ian and Blundell, Charles and Pritzel, Alexander and Van Roy, Benjamin},
	Booktitle = {Advances in Neural Information Processing Systems},
	Date-Added = {2020-12-03 14:25:34 -0800},
	Date-Modified = {2020-12-03 14:25:34 -0800},
	Title = {Deep Exploration via Bootstrapped DQN},
	Year = {2016}}

@inproceedings{rezende2014stochastic,
	Author = {Danilo Jimenez Rezende and Shakir Mohamed and Daan Wierstra},
	Booktitle = {International Conference on Machine Learning},
	Date-Added = {2020-12-03 14:25:34 -0800},
	Date-Modified = {2020-12-03 14:25:34 -0800},
	Title = {Stochastic Backpropagation and Approximate Inference in Deep Generative Models},
	Year = {2014}}

@inproceedings{rothfuss2018promp,
	Author = {Rothfuss, Jonas and Lee, Dennis and Clavera, Ignasi and Asfour, Tamim and Abbeel, Pieter},
	Booktitle = {International Conference on Learning Representations},
	Date-Added = {2020-12-03 14:25:34 -0800},
	Date-Modified = {2020-12-03 14:25:34 -0800},
	Title = {ProMP: Proximal Meta-Policy Search},
	Year = {2018}}

@inproceedings{rusu2019meta,
	Author = {Rusu, Andrei A and Rao, Dushyant and Sygnowski, Jakub and Vinyals, Oriol and Pascanu, Razvan and Osindero, Simon and Hadsell, Raia},
	Booktitle = {International Conference on Learning Representations},
	Date-Added = {2020-12-03 14:25:34 -0800},
	Date-Modified = {2020-12-03 14:25:34 -0800},
	Title = {Meta-learning with latent embedding optimization},
	Year = {2019}}

@inproceedings{saemundsson2018meta,
	Author = {S{\ae}mundsson, Steind{\'o}r and Hofmann, Katja and Deisenroth, Marc Peter},
	Booktitle = {Conference on Uncertainty in Artificial Intelligence (UAI)},
	Date-Added = {2020-12-03 14:25:34 -0800},
	Date-Modified = {2020-12-03 14:25:34 -0800},
	Title = {Meta Reinforcement Learning with Latent Variable Gaussian Processes},
	Year = {2018}}

@inproceedings{santoro2016meta,
	Author = {Santoro, Adam and Bartunov, Sergey and Botvinick, Matthew and Wierstra, Daan and Lillicrap, Timothy},
	Booktitle = {International Conference on Machine Learning},
	Date-Added = {2020-12-03 14:25:34 -0800},
	Date-Modified = {2020-12-03 14:25:34 -0800},
	Title = {Meta-learning with memory-augmented neural networks},
	Year = {2016}}

@inproceedings{schaul2015universal,
	Author = {Schaul, Tom and Horgan, Daniel and Gregor, Karol and Silver, David},
	Booktitle = {International Conference on Machine Learning},
	Date-Added = {2020-12-03 14:25:34 -0800},
	Date-Modified = {2020-12-03 14:25:34 -0800},
	Title = {Universal value function approximators},
	Year = {2015}}

@phdthesis{schmidhuber1987evolutionary,
	Author = {Schmidhuber, J{\"u}rgen},
	Date-Added = {2020-12-03 14:25:34 -0800},
	Date-Modified = {2020-12-03 14:25:34 -0800},
	School = {Technische Universit{\"a}t M{\"u}nchen},
	Title = {Evolutionary principles in self-referential learning, or on learning how to learn: the meta-meta-... hook},
	Year = {1987}}

@article{schulman2017proximal,
	Author = {Schulman, John and Wolski, Filip and Dhariwal, Prafulla Dhariwal and Radford, Alec Radford and Klimov, Oleg},
	Date-Added = {2020-12-03 14:25:34 -0800},
	Date-Modified = {2020-12-03 14:25:34 -0800},
	Journal = {arXiv:1707.06347},
	Title = {Proximal Policy Optimization Algorithms},
	Year = {2017}}

@article{stadie2018some,
	Author = {Stadie, Bradly C and Yang, Ge and Houthooft, Rein and Chen, Xi and Duan, Yan and Wu, Yuhuai and Abbeel, Pieter and Sutskever, Ilya},
	Date-Added = {2020-12-03 14:25:34 -0800},
	Date-Modified = {2020-12-03 14:25:34 -0800},
	Journal = {arXiv preprint arXiv:1803.01118},
	Title = {Some considerations on learning to explore via meta-reinforcement learning},
	Year = {2018}}

@inproceedings{strens2000bayesian,
	Author = {Strens, Malcom},
	Booktitle = {International Conference on Machine Learning},
	Date-Added = {2020-12-03 14:25:34 -0800},
	Date-Modified = {2020-12-03 14:25:34 -0800},
	Title = {A Bayesian Framework for Reinforcement Learning},
	Year = {2000}}

@article{sung2017learning,
	Author = {Sung, Flood and Zhang, Li and Xiang, Tao and Hospedales, Timothy and Yang, Yongxin},
	Date-Added = {2020-12-03 14:25:34 -0800},
	Date-Modified = {2020-12-03 14:25:34 -0800},
	Journal = {arXiv preprint arXiv:1706.09529},
	Title = {Learning to learn: Meta-critic networks for sample efficient learning},
	Year = {2017}}

@book{sutton,
	Author = {Sutton, Richard S and Barto, Andrew G and Bach, Francis and others},
	Date-Added = {2020-12-03 14:25:34 -0800},
	Date-Modified = {2020-12-03 14:25:34 -0800},
	Publisher = {MIT press},
	Title = {Reinforcement learning: An introduction},
	Year = {1998}}

@phdthesis{tenenbaum1999bayesian,
	Author = {Tenenbaum, Joshua Brett},
	Date-Added = {2020-12-03 14:25:34 -0800},
	Date-Modified = {2020-12-03 14:25:34 -0800},
	School = {Massachusetts Institute of Technology},
	Title = {A Bayesian framework for concept learning},
	Year = {1999}}

@book{thrun1998learning,
	Author = {Thrun, Sebastian and Pratt, Lorien},
	Date-Added = {2020-12-03 14:25:34 -0800},
	Date-Modified = {2020-12-03 14:25:34 -0800},
	Publisher = {Springer Science \& Business Media},
	Title = {Learning to learn},
	Year = {1998}}

@inproceedings{tishby1999information,
	Author = {Tishby, N. and Pereira, F.C. and Biale W.},
	Booktitle = {The 37th annual Allerton Conf. on Communication, Control, and Computing},
	Date-Added = {2020-12-03 14:25:34 -0800},
	Date-Modified = {2020-12-03 14:25:34 -0800},
	Title = {The information bottleneck method},
	Year = {1999}}

@inproceedings{todorov2012mujoco,
	Added-At = {2018-11-14T00:00:00.000+0100},
	Author = {Todorov, Emanuel and Erez, Tom and Tassa, Yuval},
	Booktitle = {International Conference on Intelligent Robots and Systems (IROS)},
	Date-Added = {2020-12-03 14:25:34 -0800},
	Date-Modified = {2020-12-03 14:25:34 -0800},
	Pages = {5026-5033},
	Title = {MuJoCo: A physics engine for model-based control},
	Year = 2012}

@article{veeriah2018many,
	Author = {Vivek Veeriah, Junhyuk Oh, Satinder Singh},
	Date-Added = {2020-12-03 14:25:34 -0800},
	Date-Modified = {2020-12-03 14:25:34 -0800},
	Journal = {arXiv:1806.09605},
	Title = {Many-Goals Reinforcement Learning},
	Year = {2018}}

@inproceedings{xu2018learning,
	Author = {Xu, Tianbing and Liu, Qiang and Zhao, Liang and Peng, Jian},
	Booktitle = {International Conference on Machine Learning},
	Date-Added = {2020-12-03 14:25:34 -0800},
	Date-Modified = {2020-12-03 14:25:34 -0800},
	Pages = {5459--5468},
	Title = {Learning to explore via meta-policy gradient},
	Year = {2018}}

@article{xu2018meta,
	Author = {Zhongwen Xu and Hado van Hasselt and David Silver},
	Date-Added = {2020-12-03 14:25:34 -0800},
	Date-Modified = {2020-12-03 14:25:34 -0800},
	Journal = {arXiv:1805.09801},
	Title = {Meta-Gradient Reinforcement Learning},
	Year = {2018}}

@inproceedings{yoon2018bayesian,
	Author = {Yoon, Jaesik and Kim, Taesup and Dia, Ousmane and Kim, Sungwoong and Bengio, Yoshua and Ahn, Sungjin},
	Booktitle = {Advances in Neural Information Processing Systems},
	Date-Added = {2020-12-03 14:25:34 -0800},
	Date-Modified = {2020-12-03 14:25:34 -0800},
	Pages = {7343--7353},
	Title = {Bayesian model-agnostic meta-learning},
	Year = {2018}}

@inproceedings{bao2012object,
	Author = {Sid Yingze Bao and Yu Xiang and Silvio Savarese},
	Booktitle = {ECCV},
	Date-Added = {2020-12-03 14:24:59 -0800},
	Date-Modified = {2020-12-03 14:24:59 -0800},
	Title = {Object Co-detection},
	Year = {2012}}

@inproceedings{bearman2016point,
	Author = {Bearman, Amy and Russakovsky, Olga and Ferrari, Vittorio and Fei-Fei, Li},
	Booktitle = {ECCV},
	Date-Added = {2020-12-03 14:24:59 -0800},
	Date-Modified = {2020-12-03 14:24:59 -0800},
	Title = {What's the point: Semantic segmentation with point supervision},
	Year = {2016}}

@inproceedings{bertinetto2016learning,
	Author = {Bertinetto, Luca and Henriques, Jo{\~a}o F and Valmadre, Jack and Torr, Philip and Vedaldi, Andrea},
	Booktitle = {NIPS},
	Date-Added = {2020-12-03 14:24:59 -0800},
	Date-Modified = {2020-12-03 14:24:59 -0800},
	Title = {Learning feed-forward one-shot learners},
	Year = {2016}}

@inproceedings{boykov2001interactive,
	Author = {Boykov, Yuri Y and Jolly, M-P},
	Booktitle = {Computer Vision, 2001. ICCV 2001. Proceedings. Eighth IEEE International Conference on},
	Date-Added = {2020-12-03 14:24:59 -0800},
	Date-Modified = {2020-12-03 14:24:59 -0800},
	Organization = {IEEE},
	Pages = {105--112},
	Title = {Interactive graph cuts for optimal boundary \& region segmentation of objects in ND images},
	Volume = {1},
	Year = {2001}}

@inproceedings{caelles2016one,
	Author = {Caelles, Sergi and Maninis, Kevis-Kokitsi and Pont-Tuset, Jordi and Leal-Taix{\'e}, Laura and Cremers, Daniel and Van Gool, Luc},
	Booktitle = {CVPR},
	Date-Added = {2020-12-03 14:24:59 -0800},
	Date-Modified = {2020-12-03 14:24:59 -0800},
	Title = {One-Shot Video Object Segmentation},
	Year = {2017}}

@article{caelles2017guided,
	Author = {Caelles, Sergi and Chen, Yuhua and Pont-Tuset, Jordi and Van Gool, Luc},
	Date-Added = {2020-12-03 14:24:59 -0800},
	Date-Modified = {2020-12-03 14:24:59 -0800},
	Journal = {arXiv preprint arXiv:1704.01926},
	Title = {Semantically-Guided Video Object Segmentation},
	Year = {2017}}

@inproceedings{chen2015semantic,
	Author = {Chen, Liang-Chieh and Papandreou, George and Kokkinos, Iasonas and Murphy, Kevin and Yuille, Alan L},
	Booktitle = {ICLR},
	Date-Added = {2020-12-03 14:24:59 -0800},
	Date-Modified = {2020-12-03 14:24:59 -0800},
	Title = {Semantic Image Segmentation with Deep Convolutional Nets and Fully Connected CRFs},
	Year = {2015}}

@inproceedings{chen2018blazingly,
	Author = {Chen, Yuhua and Pont-Tuset, Jordi and Montes, Alberto and Van Gool, Luc},
	Booktitle = {CVPR},
	Date-Added = {2020-12-03 14:24:59 -0800},
	Date-Modified = {2020-12-03 14:24:59 -0800},
	Pages = {1189--1198},
	Title = {Blazingly Fast Video Object Segmentation with Pixel-Wise Metric Learning},
	Year = {2018}}

@article{chen2018deeplab,
	Author = {Chen, Liang-Chieh and Papandreou, George and Kokkinos, Iasonas and Murphy, Kevin and Yuille, Alan L},
	Date-Added = {2020-12-03 14:24:59 -0800},
	Date-Modified = {2020-12-03 14:24:59 -0800},
	Journal = {PAMI},
	Title = {Deeplab: Semantic image segmentation with deep convolutional nets, atrous convolution, and fully connected crfs},
	Year = {2018}}

@inproceedings{chopra2005learning,
	Author = {Chopra, Sumit and Hadsell, Raia and LeCun, Yann},
	Booktitle = {CVPR},
	Date-Added = {2020-12-03 14:24:59 -0800},
	Date-Modified = {2020-12-03 14:24:59 -0800},
	Organization = {IEEE},
	Pages = {539--546},
	Title = {Learning a similarity metric discriminatively, with application to face verification},
	Volume = {1},
	Year = {2005}}

@inproceedings{coco,
	Author = {Lin, Tsung-Yi and Maire, Michael and Belongie, Serge and Hays, James and Perona, Pietro and Ramanan, Deva and Doll{\'a}r, Piotr and Zitnick, C Lawrence},
	Booktitle = {ECCV},
	Date-Added = {2020-12-03 14:24:59 -0800},
	Date-Modified = {2020-12-03 14:24:59 -0800},
	Pages = {740--755},
	Title = {Microsoft {COCO}: Common objects in context},
	Year = {2014}}

@inproceedings{dong2018few,
	Author = {Dong, Nanqing and Xing, Eric P},
	Booktitle = {BMVC},
	Date-Added = {2020-12-03 14:24:59 -0800},
	Date-Modified = {2020-12-03 14:24:59 -0800},
	Title = {Few-Shot Semantic Segmentation with Prototype Learning},
	Year = {2018}}

@article{fei2006one,
	Author = {Fei-Fei, Li and Fergus, Rob and Perona, Pietro},
	Date-Added = {2020-12-03 14:24:59 -0800},
	Date-Modified = {2020-12-03 14:24:59 -0800},
	Journal = {PAMI},
	Title = {One-shot learning of object categories},
	Year = {2006}}

@inproceedings{finn2017model,
	Author = {Finn, Chelsea and Abbeel, Pieter and Levine, Sergey},
	Booktitle = {ICML},
	Date-Added = {2020-12-03 14:24:59 -0800},
	Date-Modified = {2020-12-03 14:24:59 -0800},
	Title = {Model-Agnostic Meta-Learning for Fast Adaptation of Deep Networks},
	Year = {2017}}

@article{garcia2017review,
	Author = {Garcia-Garcia, Alberto and Orts-Escolano, Sergio and Oprea, Sergiu and Villena-Martinez, Victor and Garcia-Rodriguez, Jose},
	Date-Added = {2020-12-03 14:24:59 -0800},
	Date-Modified = {2020-12-03 14:24:59 -0800},
	Journal = {arXiv preprint arXiv:1704.06857},
	Title = {A review on deep learning techniques applied to semantic segmentation},
	Year = {2017}}

@inproceedings{garcia2018few,
	Author = {Garcia, Victor and Bruna, Joan},
	Booktitle = {ICLR},
	Date-Added = {2020-12-03 14:24:59 -0800},
	Date-Modified = {2020-12-03 14:24:59 -0800},
	Title = {Few-Shot Learning with Graph Neural Networks},
	Year = {2018}}

@article{guillaumin2014imagenet,
	Author = {Guillaumin, Matthieu and K{\"u}ttel, Daniel and Ferrari, Vittorio},
	Date-Added = {2020-12-03 14:24:59 -0800},
	Date-Modified = {2020-12-03 14:24:59 -0800},
	Journal = {IJCF},
	Number = {3},
	Pages = {328--348},
	Title = {Imagenet auto-annotation with segmentation propagation},
	Volume = {110},
	Year = {2014}}

@inproceedings{hadsell2006dimensionality,
	Author = {Hadsell, Raia and Chopra, Sumit and LeCun, Yann},
	Booktitle = {CVPR},
	Date-Added = {2020-12-03 14:24:59 -0800},
	Date-Modified = {2020-12-03 14:24:59 -0800},
	Organization = {IEEE},
	Pages = {1735--1742},
	Title = {Dimensionality reduction by learning an invariant mapping},
	Volume = {2},
	Year = {2006}}

@article{ilsvrc,
	Author = {Russakovsky, Olga and Deng, Jia and Su, Hao and Krause, Jonathan and Satheesh, Sanjeev and Ma, Sean and Huang, Zhiheng and Karpathy, Andrej and Khosla, Aditya and Bernstein, Michael and others},
	Date-Added = {2020-12-03 14:24:59 -0800},
	Date-Modified = {2020-12-03 14:24:59 -0800},
	Journal = {International Journal of Computer Vision},
	Number = {3},
	Pages = {211--252},
	Title = {Imagenet large scale visual recognition challenge},
	Volume = {115},
	Year = {2015}}

@inproceedings{jampani2017video,
	Author = {Jampani, Varun and Gadde, Raghudeep and Gehler, Peter V.},
	Booktitle = {CVPR},
	Date-Added = {2020-12-03 14:24:59 -0800},
	Date-Modified = {2020-12-03 14:24:59 -0800},
	Title = {Video Propagation Networks},
	Year = {2017}}

@article{kass1988snakes,
	Author = {Kass, Michael and Witkin, Andrew and Terzopoulos, Demetri},
	Date-Added = {2020-12-03 14:24:59 -0800},
	Date-Modified = {2020-12-03 14:24:59 -0800},
	Journal = {IJCV},
	Title = {Snakes: Active contour models},
	Year = {1988}}

@inproceedings{koch2015siamese,
	Author = {Koch, Gregory and Zemel, Richard and Salakhutdinov, Ruslan},
	Booktitle = {ICML Deep Learning Workshop},
	Date-Added = {2020-12-03 14:24:59 -0800},
	Date-Modified = {2020-12-03 14:24:59 -0800},
	Title = {Siamese neural networks for one-shot image recognition},
	Year = {2015}}

@article{lake2015human,
	Author = {Lake, Brenden M and Salakhutdinov, Ruslan and Tenenbaum, Joshua B},
	Date-Added = {2020-12-03 14:24:59 -0800},
	Date-Modified = {2020-12-03 14:24:59 -0800},
	Journal = {Science},
	Title = {Human-level concept learning through probabilistic program induction},
	Year = {2015}}

@article{liu2011sift,
	Author = {Liu, C. and Yuen, J. and Torralba, A.},
	Date-Added = {2020-12-03 14:24:59 -0800},
	Date-Modified = {2020-12-03 14:24:59 -0800},
	Journal = {PAMI},
	Title = {Sift flow: Dense correspondence across scenes and its applications},
	Year = {2011}}

@inproceedings{maninis2018deep,
	Author = {Maninis, Kevis-Kokitsi and Caelles, Sergi and Pont-Tuset, Jordi and Van Gool, Luc},
	Booktitle = {CVPR},
	Date-Added = {2020-12-03 14:24:59 -0800},
	Date-Modified = {2020-12-03 14:24:59 -0800},
	Title = {Deep extreme cut: From extreme points to object segmentation},
	Year = {2018}}

@article{pascal,
	Author = {Everingham, Mark and Van Gool, Luc and Williams, Christopher KI and Winn, John and Zisserman, Andrew},
	Date-Added = {2020-12-03 14:24:59 -0800},
	Date-Modified = {2020-12-03 14:24:59 -0800},
	Journal = {International journal of computer vision},
	Number = {2},
	Pages = {303--338},
	Title = {The pascal visual object classes (voc) challenge},
	Volume = {88},
	Year = {2010}}

@inproceedings{perazzi2017learning,
	Author = {F. Perazzi and A. Khoreva and R. Benenson and B. Schiele and A.Sorkine-Hornung},
	Booktitle = {CVPR},
	Date-Added = {2020-12-03 14:24:59 -0800},
	Date-Modified = {2020-12-03 14:24:59 -0800},
	Title = {Learning Video Object Segmentation from Static Images},
	Year = {2017}}

@article{pont-tuset2017davis,
	Author = {Jordi Pont-Tuset and Federico Perazzi and Sergi Caelles and Pablo Arbel\'aez and Alexander Sorkine-Hornung and Luc {Van Gool}},
	Date-Added = {2020-12-03 14:24:59 -0800},
	Date-Modified = {2020-12-03 14:24:59 -0800},
	Journal = {arXiv:1704.00675},
	Title = {The 2017 DAVIS Challenge on Video Object Segmentation},
	Year = {2017}}

@inproceedings{ravi2017optimization,
	Author = {Ravi, Sachin and Larochelle, Hugo},
	Booktitle = {ICLR},
	Date-Added = {2020-12-03 14:24:59 -0800},
	Date-Modified = {2020-12-03 14:24:59 -0800},
	Title = {Optimization as a model for few-shot learning},
	Year = {2017}}

@incollection{rubinstein2012annotation,
	Author = {Rubinstein, Michael and Liu, Ce and Freeman, William T},
	Booktitle = {ECCV},
	Date-Added = {2020-12-03 14:24:59 -0800},
	Date-Modified = {2020-12-03 14:24:59 -0800},
	Pages = {85--99},
	Publisher = {Springer},
	Title = {Annotation propagation in large image databases via dense image correspondence},
	Year = {2012}}

@inproceedings{sbdd,
	Author = {Bharath Hariharan and Pablo Arbelaez and Lubomir Bourdev and Subhransu Maji and Jitendra Malik},
	Booktitle = {ICCV},
	Date-Added = {2020-12-03 14:24:59 -0800},
	Date-Modified = {2020-12-03 14:24:59 -0800},
	Title = {Semantic Contours from Inverse Detectors},
	Year = {2011}}

@inproceedings{shaban2017one,
	Author = {Shaban, Amirreza and Bansal, Shray and Liu, Zhen and Essa, Irfan and Boots, Byron},
	Booktitle = {BMVC},
	Date-Added = {2020-12-03 14:24:59 -0800},
	Date-Modified = {2020-12-03 14:24:59 -0800},
	Title = {One-Shot Learning for Semantic Segmentation},
	Year = {2017}}

@article{shelhamer2016fully,
	Author = {Shelhamer, Evan and Long, Jonathan and Darrell, Trevor},
	Date-Added = {2020-12-03 14:24:59 -0800},
	Date-Modified = {2020-12-03 14:24:59 -0800},
	Journal = {PAMI},
	Title = {Fully Convolutional Networks for Semantic Segmentation},
	Year = {2016}}

@inproceedings{snell2017prototypical,
	Author = {Snell, Jake and Swersky, Kevin and Zemel, Richard},
	Booktitle = {NIPS},
	Date-Added = {2020-12-03 14:24:59 -0800},
	Date-Modified = {2020-12-03 14:24:59 -0800},
	Title = {Prototypical networks for few-shot learning},
	Year = {2017}}

@inproceedings{tighe2010superparsing,
	Author = {Tighe, Joseph and Lazebnik, Svetlana},
	Booktitle = {ECCV},
	Date-Added = {2020-12-03 14:24:59 -0800},
	Date-Modified = {2020-12-03 14:24:59 -0800},
	Pages = {352--365},
	Publisher = {Springer},
	Title = {Superparsing: scalable nonparametric image parsing with superpixels},
	Year = {2010}}

@inproceedings{vgg,
	Author = {Simonyan, Karen and Zisserman, Andrew},
	Booktitle = {ICLR},
	Date-Added = {2020-12-03 14:24:59 -0800},
	Date-Modified = {2020-12-03 14:24:59 -0800},
	Title = {Very Deep Convolutional Networks for Large-Scale Image Recognition},
	Year = {2015}}

@inproceedings{vicente2011object,
	Author = {Vicente, S. and Rother, C. and Kolmogorov, V.},
	Booktitle = {CVPR},
	Date-Added = {2020-12-03 14:24:59 -0800},
	Date-Modified = {2020-12-03 14:24:59 -0800},
	Organization = {IEEE},
	Pages = {2217--2224},
	Title = {Object cosegmentation},
	Year = {2011}}

@inproceedings{vinyals2016matching,
	Author = {Vinyals, Oriol and Blundell, Charles and Lillicrap, Tim and Wierstra, Daan and others},
	Booktitle = {NIPS},
	Date-Added = {2020-12-03 14:24:59 -0800},
	Date-Modified = {2020-12-03 14:24:59 -0800},
	Title = {Matching networks for one shot learning},
	Year = {2016}}

@inproceedings{voigtlaender2017online,
	Author = {Voigtlaender, Paul and Leibe, Bastian},
	Booktitle = {BMVC},
	Date-Added = {2020-12-03 14:24:59 -0800},
	Date-Modified = {2020-12-03 14:24:59 -0800},
	Title = {Online adaptation of convolutional neural networks for video object segmentation},
	Year = {2017}}

@inproceedings{wang2016learning,
	Author = {Wang, Yu-Xiong and Hebert, Martial},
	Booktitle = {ECCV},
	Date-Added = {2020-12-03 14:24:59 -0800},
	Date-Modified = {2020-12-03 14:24:59 -0800},
	Title = {Learning to learn: Model regression networks for easy small sample learning},
	Year = {2016}}

@inproceedings{xu2016deep,
	Author = {Xu, Ning and Price, Brian and Cohen, Scott and Yang, Jimei and Huang, Thomas S},
	Booktitle = {CVPR},
	Date-Added = {2020-12-03 14:24:59 -0800},
	Date-Modified = {2020-12-03 14:24:59 -0800},
	Pages = {373--381},
	Title = {Deep interactive object selection},
	Year = {2016}}

@inproceedings{yoon2017pixel,
	Author = {Yoon, Jae Shin and Rameau, Francois and Kim, Junsik and Lee, Seokju and Shin, Seunghak and Kweon, In So},
	Booktitle = {ICCV},
	Date-Added = {2020-12-03 14:24:59 -0800},
	Date-Modified = {2020-12-03 14:24:59 -0800},
	Pages = {2186--2195},
	Title = {Pixel-Level Matching for Video Object Segmentation using Convolutional Neural Networks},
	Year = {2017}}

@inproceedings{yu2015multi,
	Author = {Yu, Fisher and Koltun, Vladlen},
	Booktitle = {ICLR},
	Date-Added = {2020-12-03 14:24:59 -0800},
	Date-Modified = {2020-12-03 14:24:59 -0800},
	Title = {Multi-Scale Context Aggregation by Dilated Convolutions},
	Year = {2016}}
