@article{ponomarenko2015image,
  title={Image database TID2013: Peculiarities, results and perspectives},
  author={Ponomarenko, Nikolay and Jin, Lina and Ieremeiev, Oleg and Lukin, Vladimir and Egiazarian, Karen and Astola, Jaakko and Vozel, Benoit and Chehdi, Kacem and Carli, Marco and Battisti, Federica and others},
  journal={Signal Processing: Image Communication},
  volume={30},
  pages={57--77},
  year={2015},
  publisher={Elsevier}
}

@article{zhang2018unreasonable,
  title={The Unreasonable Effectiveness of Deep Features as a Perceptual Metric},
  author={Zhang, Richard and Isola, Phillip and Efros, Alexei A and Shechtman, Eli and Wang, Oliver},
  journal={arXiv preprint arXiv:1801.03924},
  year={2018}
}

@article{florensa2017stochastic,
  title={Stochastic neural networks for hierarchical reinforcement learning},
  author={Florensa, Carlos and Duan, Yan and Abbeel, Pieter},
  journal={arXiv preprint arXiv:1704.03012},
  year={2017}
}

@article{eysenbach2018diayn,
  title={Diversity is All You Need: Learning Skills without a Reward Function},
  author={Eysenbach, Benjamin and Gupta, Abhishek and Ibarz, Julian and Levine, Sergey},
  journal={arXiv preprint arXiv:1802.06070},
  year={2018}
}

@article{rusu2016sim,
  title={Sim-to-real robot learning from pixels with progressive nets},
  author={Rusu, Andrei A and Vecerik, Matej and Roth{\"o}rl, Thomas and Heess, Nicolas and Pascanu, Razvan and Hadsell, Raia},
  journal={arXiv preprint arXiv:1610.04286},
  year={2016}
}

@article{burgess2018understanding,
  title={Understanding disentangling in $\beta$-VAE},
  author={Burgess, Christopher P and Higgins, Irina and Pal, Arka and Matthey, Loic and Watters, Nick and Desjardins, Guillaume and Lerchner, Alexander},
  journal={arXiv preprint arXiv:1804.03599},
  year={2018}
}

@article{higgins2016beta,
  title={beta-vae: Learning basic visual concepts with a constrained variational framework},
  author={Higgins, Irina and Matthey, Loic and Pal, Arka and Burgess, Christopher and Glorot, Xavier and Botvinick, Matthew and Mohamed, Shakir and Lerchner, Alexander},
  year={2016}
}

@article{kingma2013auto,
  title={Auto-encoding variational bayes},
  author={Kingma, Diederik P and Welling, Max},
  journal={arXiv preprint arXiv:1312.6114},
  year={2013}
}

@article{henderson2017deep,
  title={Deep reinforcement learning that matters},
  author={Henderson, Peter and Islam, Riashat and Bachman, Philip and Pineau, Joelle and Precup, Doina and Meger, David},
  journal={arXiv preprint arXiv:1709.06560},
  year={2017}
}

@article{fujimoto2018td3,
  title={Addressing Function Approximation Error in Actor-Critic Methods},
  author={Fujimoto, Scott and van Hoof, Herke and Meger, David},
  journal={arXiv preprint arXiv:1802.09477},
  year={2018}
}

@inproceedings{oh2015action,
  title={Action-conditional video prediction using deep networks in atari games},
  author={Oh, Junhyuk and Guo, Xiaoxiao and Lee, Honglak and Lewis, Richard L and Singh, Satinder},
  booktitle={Advances in Neural Information Processing Systems},
  pages={2863--2871},
  year={2015}
}

@article{shelhamer2016loss,
  title={Loss is its own reward: Self-supervision for reinforcement learning},
  author={Shelhamer, Evan and Mahmoudieh, Parsa and Argus, Max and Darrell, Trevor},
  journal={arXiv preprint arXiv:1612.07307},
  year={2016}
}

@inproceedings{chen2016infogan,
  title={Infogan: Interpretable representation learning by information maximizing generative adversarial nets},
  author={Chen, Xi and Duan, Yan and Houthooft, Rein and Schulman, John and Sutskever, Ilya and Abbeel, Pieter},
  booktitle={Advances in Neural Information Processing Systems},
  pages={2172--2180},
  year={2016}
}

@article{cheung2014discovering,
  title={Discovering hidden factors of variation in deep networks},
  author={Cheung, Brian and Livezey, Jesse A and Bansal, Arjun K and Olshausen, Bruno A},
  journal={arXiv preprint arXiv:1412.6583},
  year={2014}
}

@inproceedings{reed2014learning,
  title={Learning to disentangle factors of variation with manifold interaction},
  author={Reed, Scott and Sohn, Kihyuk and Zhang, Yuting and Lee, Honglak},
  booktitle={International Conference on Machine Learning},
  pages={1431--1439},
  year={2014}
}

@article{desjardins2012disentangling,
  title={Disentangling factors of variation via generative entangling},
  author={Desjardins, Guillaume and Courville, Aaron and Bengio, Yoshua},
  journal={arXiv preprint arXiv:1210.5474},
  year={2012}
}



@article{schmidhuber1992learning,
  title={Learning factorial codes by predictability minimization},
  author={Schmidhuber, J{\"u}rgen},
  journal={Neural Computation},
  volume={4},
  number={6},
  pages={863--879},
  year={1992},
  publisher={MIT Press}
}

@article{rauber2017hindsight,
  title={Hindsight policy gradients},
  author={Rauber, Paulo and Mutz, Filipe and Schmidhuber, Juergen},
  journal={arXiv preprint arXiv:1711.06006},
  year={2017}
}

@article{levy2017hierarchical,
  title={Hierarchical Actor-Critic},
  author={Levy, Andrew and Platt, Robert and Saenko, Kate},
  journal={arXiv preprint arXiv:1712.00948},
  year={2017}
}

@inproceedings{finn2016deep,
  title={Deep spatial autoencoders for visuomotor learning},
  author={Finn, Chelsea and Tan, Xin Yu and Duan, Yan and Darrell, Trevor and Levine, Sergey and Abbeel, Pieter},
  booktitle={Robotics and Automation (ICRA), 2016 IEEE International Conference on},
  pages={512--519},
  year={2016},
  organization={IEEE}
}

@article{levine2016gps,
  title={End-to-end training of deep visuomotor policies},
  author={Levine, Sergey and Finn, Chelsea and Darrell, Trevor and Abbeel, Pieter},
  journal={The Journal of Machine Learning Research},
  volume={17},
  number={1},
  pages={1334--1373},
  year={2016},
  publisher={JMLR. org}
}

@article{pinto2017asymmetric,
  title={Asymmetric Actor Critic for Image-Based Robot Learning},
  author={Pinto, Lerrel and Andrychowicz, Marcin and Welinder, Peter and Zaremba, Wojciech and Abbeel, Pieter},
  journal={arXiv preprint arXiv:1710.06542},
  year={2017}
}

@inproceedings{bellemare2016unifying,
  title={Unifying count-based exploration and intrinsic motivation},
  author={Bellemare, Marc and Srinivasan, Sriram and Ostrovski, Georg and Schaul, Tom and Saxton, David and Munos, Remi},
  booktitle={Advances in Neural Information Processing Systems},
  pages={1471--1479},
  year={2016}
}

@article{jaderberg2016auxiliary,
  title={Reinforcement learning with unsupervised auxiliary tasks},
  author={Jaderberg, Max and Mnih, Volodymyr and Czarnecki, Wojciech Marian and Schaul, Tom and Leibo, Joel Z and Silver, David and Kavukcuoglu, Koray},
  journal={International Conference on Learning Representations (ICLR)},
  year={2017}
}

@article{machado2018eigenoption,
  title={Eigenoption Discovery through the Deep Successor Representation},
  author={Machado, Marlos C and Rosenbaum, Clemens and Guo, Xiaoxiao and Liu, Miao and Tesauro, Gerald and Campbell, Murray},
  journal={International Conference on Learning Representations (ICLR)},
  year={2018}
}

@article{ha2018world,
  title={World Models},
  author={Ha, David and Schmidhuber, J{\"u}rgen},
  journal={arXiv preprint arXiv:1803.10122},
  year={2018}
}

@inproceedings{pathak2017curiosity,
  title={Curiosity-Driven Exploration by Self-Supervised Prediction},
  author={Pathak, Deepak and Agrawal, Pulkit and Efros, Alexei A and Darrell, Trevor},
  booktitle={Computer Vision and Pattern Recognition Workshops (CVPRW), 2017 IEEE Conference on},
  pages={488--489},
  year={2017},
  organization={IEEE}
}

@inproceedings{maitin2010cloth,
  title={Cloth grasp point detection based on multiple-view geometric cues with application to robotic towel folding},
  author={Maitin-Shepard, Jeremy and Cusumano-Towner, Marco and Lei, Jinna and Abbeel, Pieter},
  booktitle={Robotics and Automation (ICRA), 2010 IEEE International Conference on},
  pages={2308--2315},
  year={2010},
  organization={IEEE}
}

@article{kingma2014adam,
  title={Adam: A method for stochastic optimization},
  author={Kingma, Diederik and Ba, Jimmy},
  journal={International Conference on Learning Representations (ICLR)},
  year={2015}
}

@article{maaten2008visualizing,
  title={Visualizing data using t-SNE},
  author={Maaten, Laurens van der and Hinton, Geoffrey},
  journal={Journal of Machine Learning Research},
  volume={9},
  number={Nov},
  pages={2579--2605},
  year={2008}
}

@article{huh2016makes,
  title={What makes ImageNet good for transfer learning?},
  author={Huh, Minyoung and Agrawal, Pulkit and Efros, Alexei A},
  journal={arXiv preprint arXiv:1608.08614},
  year={2016}
}

@inproceedings{miller2011parametrized,
  title={Parametrized shape models for clothing},
  author={Miller, Stephen and Fritz, Mario and Darrell, Trevor and Abbeel, Pieter},
  booktitle={Robotics and Automation (ICRA), 2011 IEEE International Conference on},
  pages={4861--4868},
  year={2011},
  organization={IEEE}
}

@article{pinto2016curious,
  title={The Curious Robot: Learning Visual Representations via Physical Interactions},
  author={Pinto, Lerrel and Gandhi, Dhiraj and Han, Yuanfeng and Park, Yong-Lae and Gupta, Abhinav},
  journal={arXiv preprint arXiv:1604.01360},
  year={2016}
}

@article{kuniyoshi1994learning,
  title={Learning by watching: Extracting reusable task knowledge from visual observation of human performance},
  author={Kuniyoshi, Yasuo and Inaba, Masayuki and Inoue, Hirochika},
  journal={IEEE transactions on robotics and automation},
  volume={10},
  number={6},
  pages={799--822},
  year={1994},
  publisher={IEEE}
}

@article{argall2009survey,
  title={A survey of robot learning from demonstration},
  author={Argall, Brenna D and Chernova, Sonia and Veloso, Manuela and Browning, Brett},
  journal={Robotics and autonomous systems},
  volume={57},
  number={5},
  pages={469--483},
  year={2009},
  publisher={Elsevier}
}

@article{lee2013syntactic,
  title={A syntactic approach to robot imitation learning using probabilistic activity grammars},
  author={Lee, Kyuhwa and Su, Yanyu and Kim, Tae-Kyun and Demiris, Yiannis},
  journal={Robotics and Autonomous Systems},
  volume={61},
  number={12},
  pages={1323--1334},
  year={2013},
  publisher={Elsevier}
}

@article{aksoy2011learning,
  title={Learning the semantics of object--action relations by observation},
  author={Aksoy, Eren Erdal and Abramov, Alexey and D{\"o}rr, Johannes and Ning, Kejun and Dellen, Babette and W{\"o}rg{\"o}tter, Florentin},
  journal={The International Journal of Robotics Research},
  pages={0278364911410459},
  year={2011},
  publisher={Sage Publications}
}

@inproceedings{yang2015robot,
  title={Robot Learning Manipulation Action Plans by" Watching" Unconstrained Videos from the World Wide Web.},
  author={Yang, Yezhou and Li, Yi and Ferm{\"u}ller, Cornelia and Aloimonos, Yiannis},
  booktitle={AAAI},
  pages={3686--3693},
  year={2015}
}

@inproceedings{mnih2016asynchronous,
  title={Asynchronous methods for deep reinforcement learning},
  author={Mnih, Volodymyr and Badia, Adria Puigdomenech and Mirza, Mehdi and Graves, Alex and Lillicrap, Timothy P and Harley, Tim and Silver, David and Kavukcuoglu, Koray},
  booktitle={ICML},
  year={2016},
}

@inproceedings{inoue1985hand,
 title={Hand-eye coordination in rope handling},
 author={Inoue, H. and Inaba, M.},
 journal={obotics Research: The
First International Symposium},
 year={1985},
 volume={1}
 }
 
@inproceedings{morita2003knot,
  title={Knot planning from observation},
  author={Morita, Takuma and Takamatsu, Jun and Ogawara, Koichi and Kimura, Hiroshi and Ikeuchi, Katsushi},
  booktitle={Robotics and Automation, 2003. Proceedings. ICRA'03. IEEE International Conference on},
  volume={3},
  pages={3887--3892},
  year={2003},
  organization={IEEE}
}

@inproceedings{schulman2013generalization,
  title={Generalization in robotic manipulation through the use of non-rigid registration},
  author={Schulman, John and Ho, Jonathan and Lee, Cameron and Abbeel, Pieter},
  booktitle={Proceedings of the 16th International Symposium on Robotics Research (ISRR)},
  year={2013}
}

@article{wakamatsu2006knotting,
  title={Knotting/unknotting manipulation of deformable linear objects},
  author={Wakamatsu, Hidefumi and Arai, Eiji and Hirai, Shinichi},
  journal={The International Journal of Robotics Research},
  volume={25},
  number={4},
  pages={371--395},
  year={2006},
  publisher={SAGE Publications}
}

@inproceedings{saha2006motion,
  title={Motion planning for robotic manipulation of deformable linear objects},
  author={Saha, Mitul and Isto, Pekka},
  booktitle={Proceedings 2006 IEEE International Conference on Robotics and Automation, 2006. ICRA 2006.},
  pages={2478--2484},
  year={2006},
  organization={IEEE}
}

@inproceedings{yamakawa2007one,
  title={One-handed knotting of a flexible rope with a high-speed multifingered hand having tactile sensors},
  author={Yamakawa, Yuji and Namiki, Akio and Ishikawa, Masatoshi and Shimojo, Makoto},
  booktitle={2007 IEEE/RSJ International Conference on Intelligent Robots and Systems},
  pages={703--708},
  year={2007},
  organization={IEEE}
}

@phdthesis{bell2010flexible,
  title={Flexible object manipulation},
  author={Bell, Matthew},
  year={2010},
  school={Dartmouth College, Hanover, New Hampshire}
}

@article{hopcroft1991case,
  title={A case study of flexible object manipulation},
  author={Hopcroft, John E and Kearney, Joseph K and Krafft, Dean B},
  journal={The International Journal of Robotics Research},
  volume={10},
  number={1},
  pages={41--50},
  year={1991},
  publisher={Sage Publications}
}


@book{crowell2012introduction,
  title={Introduction to knot theory},
  author={Crowell, Richard H and Fox, Ralph Hartzler},
  volume={57},
  year={2012},
  publisher={Springer Science \& Business Media}
}

@article{mayer2008system,
  title={A system for robotic heart surgery that learns to tie knots using recurrent neural networks},
  author={Mayer, Hermann and Gomez, Faustino and Wierstra, Daan and Nagy, Istvan and Knoll, Alois and Schmidhuber, J{\"u}rgen},
  journal={Advanced Robotics},
  volume={22},
  number={13-14},
  pages={1521--1537},
  year={2008},
  publisher={Taylor \& Francis}
}

@inproceedings{agrawal2016poking,
  title={Learning to poke by poking: Experiential learning of intuitive physics},
  author={Agrawal, Pulkit and Nair, Ashvin V and Abbeel, Pieter and Malik, Jitendra and Levine, Sergey},
  booktitle={Advances in Neural Information Processing Systems},
  pages={5074--5082},
  year={2016}
}

@book{lavalle2006planning,
  title={Planning algorithms},
  author={LaValle, Steven M},
  year={2006},
  publisher={Cambridge university press}
}

@article{michotte1963perception,
  title={The perception of causality.},
  author={Michotte, Albert},
  year={1963},
  publisher={Basic Books}
}

@article{mccloskey1983intuitive,
  title={Intuitive physics},
  author={McCloskey, Michael},
  journal={Scientific american},
  volume={248},
  number={4},
  pages={122--130},
  year={1983}
}

@techreport{winograd1971procedures,
  title={Procedures as a representation for data in a computer program for understanding natural language},
  author={Winograd, Terry},
  year={1971},
  institution={DTIC Document}
}

@inproceedings{agarwal1997nonholonomic,
  title={Nonholonomic path planning for pushing a disk among obstacles},
  author={Agarwal, Pankaj K and Latombe, Jean-Claude and Motwani, Rajeev and Raghavan, Prabhakar},
  booktitle={IEEE International Conference on Robotics and Automation},
  pages={3124--3129},
  year={1997},
  organization={Citeseer}
}

@inproceedings{stilman2007manipulation,
  title={Manipulation planning among movable obstacles},
  author={Stilman, Mike and Schamburek, Jan-Ullrich and Kuffner, James and Asfour, Tamim},
  booktitle={Robotics and Automation, 2007 IEEE International Conference on},
  pages={3327--3332},
  year={2007},
  organization={IEEE}
}

@inproceedings{katz2008manipulating,
  title={Manipulating articulated objects with interactive perception},
  author={Katz, Dov and Brock, Oliver},
  booktitle={Robotics and Automation, 2008. ICRA 2008. IEEE International Conference on},
  pages={272--277},
  year={2008},
  organization={IEEE}
}

@inproceedings{kopicki2011learning,
  title={Learning to predict how rigid objects behave under simple manipulation},
  author={Kopicki, Marek and Zurek, Sebastian and Stolkin, Rustam and M{\"o}rwald, Thomas and Wyatt, Jeremy},
  booktitle={Robotics and Automation (ICRA), 2011 IEEE International Conference on},
  pages={5722--5729},
  year={2011},
  organization={IEEE}
}

@inproceedings{lau2011automatic,
  title={Automatic learning of pushing strategy for delivery of irregular-shaped objects},
  author={Lau, Manfred and Mitani, Jun and Igarashi, Takeo},
  booktitle={Robotics and Automation (ICRA), 2011 IEEE International Conference on},
  pages={3733--3738},
  year={2011},
  organization={IEEE}
}

@article{dogar2012planning,
  title={A planning framework for non-prehensile manipulation under clutter and uncertainty},
  author={Dogar, Mehmet R and Srinivasa, Siddhartha S},
  journal={Autonomous Robots},
  volume={33},
  number={3},
  pages={217--236},
  year={2012},
  publisher={Springer}
}

@article{mericcli2015push,
  title={Push-manipulation of complex passive mobile objects using experimentally acquired motion models},
  author={Meri{\c{c}}li, Tekin and Veloso, Manuela and Ak{\i}n, H Levent},
  journal={Autonomous Robots},
  volume={38},
  number={3},
  pages={317--329},
  year={2015},
  publisher={Springer}
}

@article{smith2005development,
  title={The development of embodied cognition: Six lessons from babies},
  author={Smith, Linda and Gasser, Michael},
  journal={Artificial life},
  volume={11},
  number={1-2},
  pages={13--29},
  year={2005},
  publisher={MIT Press}
}

@inproceedings{lange2010deep,
  title={Deep learning of visual control policies.},
  author={Lange, Sascha and Riedmiller, Martin A},
  booktitle={ESANN},
  year={2010},
  organization={Citeseer}
}

@inproceedings{lange2012autonomous,
  title={Autonomous reinforcement learning on raw visual input data in a real world application},
  author={Lange, Stanislav and Riedmiller, Martin and Voigtlander, Arne},
  booktitle={Neural Networks (IJCNN), The 2012 International Joint Conference on},
  pages={1--8},
  year={2012},
  organization={IEEE}
}

@inproceedings{kolev2015physically,
  title={Physically consistent state estimation and system identification for contacts},
  author={Kolev, Svetoslav and Todorov, Emanuel},
  booktitle={Humanoid Robots (Humanoids), 2015 IEEE-RAS 15th International Conference on},
  pages={1036--1043},
  year={2015},
  organization={IEEE}
}

@inproceedings{watter2015embed,
  title={Embed to control: A locally linear latent dynamics model for control from raw images},
  author={Watter, Manuel and Springenberg, Jost and Boedecker, Joschka and Riedmiller, Martin},
  booktitle={Advances in Neural Information Processing Systems},
  pages={2728--2736},
  year={2015}
}

@article{wahlstrom2015from,
  author    = {Niklas Wahlstr{\"{o}}m and
               Thomas B. Sch{\"{o}}n and
               Marc Peter Deisenroth},
  title     = {From Pixels to Torques: Policy Learning with Deep Dynamical Models},
  journal   = {CoRR},
  volume    = {abs/1502.02251},
  year      = {2015},
}
@inproceedings{torralba,
	title={Anticipating Visual Representations from Unlabeled Video},
	author={Carl Vondrick, Hamed Pirsiavash, Antonio Torralba},
	booktitle={CVPR},
	year={2016}
}

@article{vondrickanticipating,
  title={Anticipating Visual Representations from Unlabeled Video},
  author={Vondrick, Carl and Pirsiavash, Hamed and Torralba, Antonio}
}

@article{billiards,
  title={Learning Visual Predictive Models of Physics for Playing Billiards},
  author={Fragkiadaki, Katerina and Agrawal, Pulkit and Levine, Sergey and Malik, Jitendra},
  journal={arXiv preprint arXiv:1511.07404},
  year={2015}
}

@article{higgins2017darla,
  title={Darla: Improving zero-shot transfer in reinforcement learning},
  author={Higgins, Irina and Pal, Arka and Rusu, Andrei A and Matthey, Loic and Burgess, Christopher P and Pritzel, Alexander and Botvinick, Matthew and Blundell, Charles and Lerchner, Alexander},
  journal={ICML},
  year={2017}
}

@INPROCEEDINGS{5459407, 
author={Brubaker, Marcus A. and Sigal, L. and Fleet, D.J.}, 
booktitle={Computer Vision, 2009 IEEE 12th International Conference on}, 
title={Estimating contact dynamics}, 
year={2009}, 
pages={2389-2396}, 
keywords={Biological system modeling;Geometry;Gravity;Humans;Inference algorithms;Joints;Motion estimation;Solid modeling;Testing;Tracking}, 
doi={10.1109/ICCV.2009.5459407}, 
ISSN={1550-5499}, 
month={Sept}
}

@article{lerer2016learning,
  title={Learning Physical Intuition of Block Towers by Example},
  author={Lerer, Adam and Gross, Sam and Fergus, Rob},
  journal={arXiv preprint arXiv:1603.01312},
  year={2016}
}

@inproceedings{wu2015galileo,
  title={Galileo: Perceiving Physical Object Properties by Integrating a Physics Engine with Deep Learning},
  author={Wu, Jiajun and Yildirim, Ilker and Lim, Joseph J and Freeman, Bill and Tenenbaum, Josh},
  booktitle={Advances in Neural Information Processing Systems},
  pages={127--135},
  year={2015}
}

@article{mottaghi2015newtonian,
  title={Newtonian Image Understanding: Unfolding the Dynamics of Objects in Static Images},
  author={Mottaghi, Roozbeh and Bagherinezhad, Hessam and Rastegari, Mohammad and Farhadi, Ali},
  journal={arXiv preprint arXiv:1511.04048},
  year={2015}
}

@inproceedings{DBLP:conf/bmvc/KyriazisOA11,
  author    = {Nikolaos Kyriazis and
               Iason Oikonomidis and
               Antonis A. Argyros},
  title     = {Binding Computer Vision to Physics Based Simulation: The Case Study
               of a Bouncing Ball},
  booktitle = {British Machine Vision Conference, {BMVC} 2011, Dundee, UK, August
               29 - September 2, 2011. Proceedings},
  pages     = {1--11},
  year      = {2011},
  crossref  = {DBLP:conf/bmvc/2011},
  url       = {http://dx.doi.org/10.5244/C.25.43},
  doi       = {10.5244/C.25.43},
  timestamp = {Wed, 24 Apr 2013 17:19:07 +0200},
  biburl    = {http://dblp.uni-trier.de/rec/bib/conf/bmvc/KyriazisOA11},
  bibsource = {dblp computer science bibliography, http://dblp.org}
}

@inproceedings{conf/eccv/BhatSP02,
  added-at = {2011-06-30T00:00:00.000+0200},
  author = {Bhat, Kiran S. and Seitz, Steven M. and Popovic, Jovan},
  biburl = {http://www.bibsonomy.org/bibtex/20fafe53b2d695d4262da2e3aa2219521/dblp},
  booktitle = {ECCV (1)},
  crossref = {conf/eccv/2002-1},
  editor = {Heyden, Anders and Sparr, Gunnar and Nielsen, Mads and Johansen, Peter},
  ee = {http://dx.doi.org/10.1007/3-540-47969-4_37},
  interhash = {3cc5e0f9b763368da2cb82bfddb514b9},
  intrahash = {0fafe53b2d695d4262da2e3aa2219521},
  isbn = {3-540-43745-2},
  keywords = {dblp},
  pages = {551-565},
  publisher = {Springer},
  series = {Lecture Notes in Computer Science},
  timestamp = {2011-07-01T11:39:44.000+0200},
  title = {Computing the Physical Parameters of Rigid-Body Motion from Video.},
  url = {http://dblp.uni-trier.de/db/conf/eccv/eccv2002-1.html#BhatSP02},
  volume = 2350,
  year = 2002
}

@article{hansen2001completely,
  title={Completely derandomized self-adaptation in evolution strategies},
  author={Hansen, Nikolaus and Ostermeier, Andreas},
  journal={Evolutionary computation},
  volume={9},
  number={2},
  pages={159--195},
  year={2001},
  publisher={MIT Press}
}

@article{actionconditioned,
  title={Action-Conditional Video Prediction using Deep Networks in Atari Games},
  author={Oh, Junhyuk and Guo, Xiaoxiao and Lee, Honglak and Lewis, Richard and Singh, Satinder},
  journal={arXiv preprint arXiv:1507.08750},
  year={2015}
}

@inproceedings{hamrick2011internal,
  title={Internal physics models guide probabilistic judgments about object dynamics},
  author={Hamrick, Jessica and Battaglia, Peter and Tenenbaum, Joshua B},
  booktitle={Proceedings of the 33rd annual conference of the cognitive science society},
  pages={1545--1550},
  year={2011},
  organization={Cognitive Science Society Austin, TX}
}

@article{jordan1992forward,
  title={Forward models: Supervised learning with a distal teacher},
  author={Jordan, Michael I and Rumelhart, David E},
  journal={Cognitive science},
  volume={16},
  number={3},
  pages={307--354},
  year={1992},
  publisher={Wiley Online Library}
}

@article{wolpert1995internal,
  title={An internal model for sensorimotor integration},
  author={Wolpert, Daniel M and Ghahramani, Zoubin and Jordan, Michael I},
  journal={Science-AAAS-Weekly Paper Edition},
  volume={269},
  number={5232},
  pages={1880--1882},
  year={1995},
  publisher={New York, NY:[sn] 1880-}
}

@article{haruno2001mosaic,
  title={Mosaic model for sensorimotor learning and control},
  author={Haruno, Masahiko and Wolpert, David H and Kawato, Mitsuo},
  journal={Neural computation},
  volume={13},
  number={10},
  pages={2201--2220},
  year={2001},
  publisher={MIT Press}
}

@inproceedings{todorov2003unsupervised,
  title={Unsupervised learning of sensory-motor primitives},
  author={Todorov, Emanuel and Ghahramani, Zoubin},
  booktitle={Engineering in Medicine and Biology Society, 2003. Proceedings of the 25th Annual International Conference of the IEEE},
  volume={2},
  pages={1750--1753},
  year={2003},
  organization={IEEE}
}

@article{lillicrap2015continuous,
  title={Continuous control with deep reinforcement learning},
  author={Lillicrap, Timothy P and Hunt, Jonathan J and Pritzel, Alexander and Heess, Nicolas and Erez, Tom and Tassa, Yuval and Silver, David and Wierstra, Daan},
  journal={arXiv preprint arXiv:1509.02971},
  year={2015}
}

@inproceedings{DBLP:conf/icra/BootsBF14,
  author    = {Byron Boots and
               Arunkumar Byravan and
               Dieter Fox},
  title     = {Learning predictive models of a depth camera {\&} manipulator
               from raw execution traces},
  booktitle = {2014 {IEEE} International Conference on Robotics and Automation, {ICRA}
               2014, Hong Kong, China, May 31 - June 7, 2014},
  pages     = {4021--4028},
  year      = {2014},
  crossref  = {DBLP:conf/icra/2014},
  url       = {http://dx.doi.org/10.1109/ICRA.2014.6907443},
  doi       = {10.1109/ICRA.2014.6907443},
  timestamp = {Tue, 07 Oct 2014 13:28:58 +0200},
  biburl    = {http://dblp.uni-trier.de/rec/bib/conf/icra/BootsBF14},
  bibsource = {dblp computer science bibliography, http://dblp.org}
}


@article{levineFDA15,
  author    = {Sergey Levine and
               Chelsea Finn and
               Trevor Darrell and
               Pieter Abbeel},
  title     = {End-to-End Training of Deep Visuomotor Policies},
  journal   = {CoRR},
  volume    = {abs/1504.00702},
  year      = {2015},
  timestamp = {Sat, 02 May 2015 17:50:32 +0200},
  biburl    = {http://dblp2.uni-trier.de/rec/bib/journals/corr/LevineFDA15},
  bibsource = {dblp computer science bibliography, http://dblp.org}
}

@inproceedings{lenz2015deepMPC,
  title={DeepMPC: Learning Deep Latent Features for Model Predictive Control},
  author={Ian Lenz and Ross Knepper and Ashutosh Saxena},
  year={2015},
  booktitle={RSS}
}

@article{mayne2014model,
title = "Model predictive control: Recent developments and future promise ",
journal = "Automatica ",
volume = "50",
number = "12",
pages = "2967 - 2986",
year = "2014",
note = "",
issn = "0005-1098",
doi = "http://dx.doi.org/10.1016/j.automatica.2014.10.128",
url = "http://www.sciencedirect.com/science/article/pii/S0005109814005160",
author = "David Q. Mayne",
keywords = "Model predictive control ",
abstract = "Abstract This paper recalls a few past achievements in Model Predictive Control, gives an overview of some current developments and suggests a few avenues for future research. "
}

@inproceedings{kietzmann2009neuro,
  title={The neuro slot car racer: Reinforcement learning in a real world setting},
  author={Kietzmann, Tim C and Riedmiller, Martin},
  booktitle={Machine Learning and Applications, 2009. ICMLA'09. International Conference on},
  pages={311--316},
  year={2009},
  organization={IEEE}
}

@article{mnih2015human,
  title={Human-level control through deep reinforcement learning},
  author={Mnih, Volodymyr and Kavukcuoglu, Koray and Silver, David and Rusu, Andrei A and Veness, Joel and Bellemare, Marc G and Graves, Alex and Riedmiller, Martin and Fidjeland, Andreas K and Ostrovski, Georg and others},
  journal={Nature},
  volume={518},
  number={7540},
  pages={529--533},
  year={2015},
  publisher={Nature Publishing Group}
}

@article{pinto2015supersizing,
  title={Supersizing Self-supervision: Learning to Grasp from 50K Tries and 700 Robot Hours},
  author={Pinto, Lerrel and Gupta, Abhinav},
  journal={arXiv preprint arXiv:1509.06825},
  year={2015}
}

@article{levine2017grasping,
  title={Learning Hand-Eye Coordination for Robotic Grasping with Deep Learning and Large-Scale Data Collection},
  author={Levine, Sergey and Pastor, Peter and Krizhevsky, Alex and Quillen, Deirdre},
  journal={International Journal of Robotics Research},
  year={2017}
}

@inproceedings{DBLP:conf/icra/BootsBF14,
  author    = {Byron Boots and
               Arunkumar Byravan and
               Dieter Fox},
  title     = {Learning predictive models of a depth camera {\&} manipulator
               from raw execution traces},
  booktitle = {2014 {IEEE} International Conference on Robotics and Automation, {ICRA}
               2014, Hong Kong, China, May 31 - June 7, 2014},
  pages     = {4021--4028},
  year      = {2014},
  crossref  = {DBLP:conf/icra/2014},
  url       = {http://dx.doi.org/10.1109/ICRA.2014.6907443},
  doi       = {10.1109/ICRA.2014.6907443},
  timestamp = {Tue, 07 Oct 2014 13:28:58 +0200},
  biburl    = {http://dblp.uni-trier.de/rec/bib/conf/icra/BootsBF14},
  bibsource = {dblp computer science bibliography, http://dblp.org}
}

@inproceedings{krizhevsky2012imagenet,
  title={Imagenet classification with deep convolutional neural networks},
  author={Krizhevsky, Alex and Sutskever, Ilya and Hinton, Geoffrey E},
  booktitle={Advances in neural information processing systems},
  pages={1097--1105},
  year={2012}
}

@inproceedings{schulman2013warping,
  title={A Case Study of Trajectory Transfer Through Non-Rigid Registration for a Simplified Suturing Scenario},
  author={Schulman, John and Gupta, Ankush and Venkatesan, Sibi and Tayson-Frederick, Mallory and Abbeel, Pieter},
  booktitle={IROS},
  year={2013}
}

@inproceedings{chui2000tpsrpm,
  title={A new algorithm for non-rigid point matching},
  author={Chui, Haili and Rangarajan, Anand},
  booktitle={CVPR},
  year={2000}
}

@article{deisenroth2011blocks,
author = {Deisenroth, Marc Peter and Rasmussen, Carl Edward and Fox, Dieter},
file = {::},
journal = {Robotics: Science and Systems},
pages = {57--64},
title = {{Learning to Control a Low-Cost Manipulator using Data-Efficient Reinforcement Learning}},
volume = {VII},
year = {2011}
}

@inproceedings{deisenroth2011pilco,
  title={PILCO: A model-based and data-efficient approach to policy search},
  author={Deisenroth, Marc P and Rasmussen, Carl Edward},
  booktitle={ICML},
  pages={465--472},
  year={2011}
}

@article{silver2016alphago,
author = {Silver, David and Huang, Aja and Maddison, Chris J and Guez, Arthur and Sifre, Laurent and van den Driessche, George and Schrittwieser, Julian and Antonoglou, Ioannis and Panneershelvam, Veda and Lanctot, Marc and Dieleman, Sander and Grewe, Dominik and Nham, John and Kalchbrenner, Nal and Sutskever, Ilya and Lillicrap, Timothy and Leach, Madeleine and Kavukcuoglu, Koray and Graepel, Thore and Hassabis, Demis},
issn = {0028-0836},
journal = {Nature},
month = {Jan},
number = {7587},
pages = {484--489},
publisher = {Nature Publishing Group, a division of Macmillan Publishers Limited. All Rights Reserved.},
title = {{Mastering the game of Go with deep neural networks and tree search}},
volume = {529},
year = {2016}
}

@article{gu2016naf,
author = {Gu, Shixiang and Lillicrap, Timothy and Sutskever, Ilya and Levine, Sergey},
title = {{Continuous Deep Q-Learning with Model-based Acceleration}},
journal = {ICML},
year = {2016},
}

@inproceedings{andrychowicz2017her,
  title={Hindsight Experience Replay},
  author={Andrychowicz, Marcin and Wolski, Filip and Ray, Alex and Schneider, Jonas and Fong, Rachel and Welinder, Peter and McGrew, Bob and Tobin, Josh and Abbeel, Pieter and Zaremba, Wojciech},
  booktitle={Advances in neural information processing systems},
  year={2017}
}

@inproceedings{schaal2001augmentation,
    author = {Schaal, Stefan and Vijayakumar, Sethu and Souza, Aaron D ' and Ijspeert, Auke and Nakanishi, Jun},
    title = {{Real-Time Statistical Learning For Robotics and Human Augmentation}},
    booktitle = {International Symposium on Robotics Research}
}

@article{ijspeert2002attractor,
author = {Ijspeert, Auke Jan and Nakanishi, Jun and Schaal, Stefan},
journal = { 15 (NIPS2002)},
keywords = {reinforcement},
pages = {1547--1554},
title = {{Learning Attractor Landscapes for Learning Motor Primitives}},
year = {2002}
}

@article{schaal97lfd,
author = {Schaal, Stefan},
journal = {Advances in Neural Information Processing Systems},
number = {9},
pages = {1040--1046},
title = {{Robot learning from demonstration}},
year = {1997}
}

@article{peters2003naturalac,
author = {Peters, Jan and Vijayakumar, Sethu and Schaal, Stefan},
title = {{Natural Actor Critic}},
year = {2003}
}

@article{Gu2016b,
    author = {Gu, Shixiang and Holly, Ethan and Lillicrap, Timothy and Levine, Sergey},
    title = {{Deep Reinforcement Learning for Robotic Manipulation with Asynchronous Off-Policy Updates}},
    journal = {arXiv preprint arXiv:1610.00633},
    year = {2016}
}

@inproceedings{todorov12mujoco,
    author = {Todorov, Emanuel and Erez, Tom and Tassa, Yuval},
    title = {{MuJoCo: A physics engine for model-based control}},
    booktitle = {The IEEE/RSJ International Conference on Intelligent Robots and Systems},
    year = {2012}
}

@article{vecerik17ddpgfd,
    author = {Ve{\v{c}}er{\'{i}}k, Matej and Hester, Todd and Scholz, Jonathan and Wang, Fumin and Pietquin, Olivier and Piot, Bilal and Heess, Nicolas and Roth{\"{o}}rl, Thomas and Lampe, Thomas and Riedmiller, Martin},
    title = {{Leveraging Demonstrations for Deep Reinforcement Learning on Robotics Problems with Sparse Rewards}},
    journal = {arXiv preprint arxiv:1707.08817},
    year = {2017}
}

@article{sun17deeplyaggrevated,
author = {Sun, Wen and Venkatraman, Arun and Gordon, Geoffrey J and Boots, Byron and Edu, Bboots@cc Gatech and Bagnell, J Andrew},
title = {{Deeply AggreVaTeD: Differentiable Imitation Learning for Sequential Prediction}},
journal = {arXiv preprint arXiv:1703.01030},
year = {2017}
}

@article{hester17dqfd,
author = {Hester, Todd and Vecerik, Matej and Pietquin, Olivier and Lanctot, Marc and Schaul, Tom and Piot, Bilal and Horgan, Dan and Quan, John and Sendonaris, Andrew and Dulac-Arnold, Gabriel and Osband, Ian and Agapiou, John and Leibo, Joel Z and Gruslys, Audrunas},
title = {{Learning from Demonstrations for Real World Reinforcement Learning}},
journal = {arXiv preprint arxiv:1704.03732},
year = {2017}
}

@inproceedings{schulman2015trpo,
  title={Trust Region Policy Optimization},
  author = {Schulman, John and Levine, Sergey and Moritz, Philipp and Jordan, Michael I. and Abbeel, Pieter},
  booktitle={Proceedings of the twenty-first international conference on Machine learning},
  year={2015},
}


@inproceedings{ross2011dagger,
author = {Ross, St{\'{e}}phane and Gordon, Geoffrey J and Bagnell, J Andrew},
booktitle = {Proceedings of the 14th International Conference on Artificial Intelligence and Statistics (AISTATS)},
title = {{A Reduction of Imitation Learning and Structured Prediction to No-Regret Online Learning}},
year = {2011}
}

@inproceedings{finn16guidedcostlearning,
    author = {Finn, Chelsea and Levine, Sergey and Abbeel, Pieter},
    title = {{Guided Cost Learning: Deep Inverse Optimal Control via Policy Optimization}},
    booktitle={ICML},
    year={2016},
}

@inproceedings{abbeel2004apprenticeship,
  title={Apprenticeship learning via inverse reinforcement learning},
  author={Abbeel, Pieter and Ng, Andrew Y},
  booktitle={ICML},
  pages={1},
  year={2004},
}

@article{ho2016gail,
archivePrefix = {arXiv},
arxivId = {1606.03476},
author = {Ho, Jonathan and Ermon, Stefano},
doi = {10.1016/j.compeleceng.2013.11.024},
eprint = {1606.03476},
file = {:Users/ashvin/Library/Application Support/Mendeley Desktop/Downloaded/Ho, Ermon - Unknown - Generative Adversarial Imitation Learning(2).pdf:pdf},
isbn = {0045-7906},
issn = {10495258},
pmid = {17720704},
title = {{Generative Adversarial Imitation Learning}},
url = {https://arxiv.org/pdf/1606.03476.pdf http://arxiv.org/abs/1606.03476},
year = {2016}
}

@inproceedings{ziebart2008maxent,
archivePrefix = {arXiv},
arxivId = {arXiv:1507.04888v2},
author = {Ziebart, Brian D and Maas, Andrew and Bagnell, J Andrew and Dey, Anind K},
booktitle = {AAAI Conference on Artificial Intelligence},
eprint = {arXiv:1507.04888v2},
pages = {1433--1438},
title = {{Maximum Entropy Inverse Reinforcement Learning.}},
year = {2008}
}

@inproceedings{duan2017oneshotimitation,
  title={One-Shot Imitation Learning},
  author={Duan, Yan and Andrychowicz, Marcin and Stadie, Bradly C. and Ho, Jonathan and Schneider, Jonas and Sutskever, Ilya and Abbeel, Pieter and Zaremba, Wojciech},
  booktitle={NIPS},
  year = {2017}
}

@inproceedings{bahdanau14attention,
    author = {Bahdanau, Dzmitry and Cho, Kyunghyun and Bengio, Yoshua},
    title = {{Neural Machine Translation by Jointly Learning to Align and Translate}},
    booktitle={ICLR},
    year = {2015}
}

@article{bojarski2016nvidia,
    archivePrefix = {arXiv},
    arxivId = {1604.07316},
    author = {Bojarski, Mariusz and {Del Testa}, Davide and Dworakowski, Daniel and Firner, Bernhard and Flepp, Beat and Goyal, Prasoon and Jackel, Lawrence D and Monfort, Mathew and Muller, Urs and Zhang, Jiakai and Zhang, Xin and Zhao, Jake and Zieba, Karol},
    eprint = {1604.07316},
    title = {{End to End Learning for Self-Driving Cars}},
    journal={arXiv preprint arXiv:1604.07316},
    year = {2016}
}

@article{pomerleau1989alvinn,
    journal = {NIPS},
    pages = {305--313},
    author = {Pomerleau, Dean A},
    title = {{Alvinn: An autonomous land vehicle in a neural network}},
    year = {1989}
}

@inproceedings{giusti15trails,
    pages = {2377--3766},
    title = {{A Machine Learning Approach to Visual Perception of Forest Trails for Mobile Robots}},
    booktitle = {IEEE Robotics and Automation Letters.},
    author = {Giusti, Alessandro and Guzzi, J{\'{e}}r{\^{o}}me and Cirean, Dan C and He, Fang-Lin and Rodr{\'{i}}guez, Juan P and Fontana, Flavio and Faessler, Matthias and Forster, Christian and Schmidhuber, J{\"{u}}rgen and Caro, Gianni Di and Scaramuzza, Davide and Gambardella, Luca M},
    year = {2015}
}

@inproceedings{nakanishi2004bipedlfd,
    author = {Nakanishi, Jun and Morimoto, Jun and Endo, Gen and Cheng, Gordon and Schaal, Stefan and Kawato, Mitsuo},
    booktitle = {Robotics and Autonomous Systems},
    number = {2-3},
    pages = {79--91},
    title = {{Learning from demonstration and adaptation of biped locomotion}},
    volume = {47},
    year = {2004}
}

@article{peters2008baseball,
    author = {Peters, Jan and Schaal, Stefan},
    doi = {10.1016/j.neunet.2008.02.003},
    eprint = {arXiv:1411.3159v1},
    isbn = {0893-6080},
    issn = {08936080},
    journal = {Neural Networks},
    keywords = {Motor primitives,Motor skills,Natural Actor-Critic,Natural gradients,Policy gradient methods,Reinforcement learning},
    number = {4},
    pages = {682--697},
    pmid = {18482830},
    title = {{Reinforcement learning of motor skills with policy gradients}},
    volume = {21},
    year = {2008}
}

@inproceedings{kober2008mp,
    author = {Kober, Jens and Peter, J.},
    title = {{Policy search for motor primitives in robotics}},
    booktitle={Advances in neural information processing systems},
    year = {2008}
}

@inproceedings{florensa2017resets,
    author = {Florensa, Carlos and Held, David and Wulfmeier, Markus and Abbeel, Pieter},
    title = {{Reverse Curriculum Generation for Reinforcement Learning}},
    booktitle={Conference on robot learning},
    year = {2017}
}

@inproceedings{kalakrishnan09terraintemplates,
    title = {{Learning Locomotion over Rough Terrain using Terrain Templates}},
    author = {Kalakrishnan, Mrinal and Buchli, Jonas and Pastor, Peter and Schaal, Stefan},
    booktitle = {{The 2009 IEEE/RSJ International Conference on
    Intelligent Robots and Systems}},
    year = {2009}
}

@article{ross2014aggrevate,
    author = {Ross, Stephane and Bagnell, J Andrew},
    title = {{Reinforcement and Imitation Learning via Interactive No-Regret Learning}},
    journal={arXiv preprint arXiv:1406.5979},
    year = {2014}
}

@article{popov17stacking,
    author = {Popov, Ivaylo and Heess, Nicolas and Lillicrap, Timothy and Hafner, Roland and Barth-maron, Gabriel and Vecerik, Matej and Lampe, Thomas and Tassa, Yuval and Erez, Tom and Riedmiller, Martin},
    journal = {arXiv preprint arXiv:1704.03073},
    title = {{Data-efficient Deep Reinforcement Learning for Dexterous Manipulation}},
    year = {2017}
}

@article{peters2010reps,
    author = {Peters, Jan and M{\"{u}}lling, Katharina and Alt{\"{u}}n, Yasemin},
    journal = {Artificial Intelligence},
    pages = {1607--1612},
    title = {{Relative Entropy Policy Search}},
    year = {2010}
}

@book{winograd72shrdlr,
    title={Understanding Natural Language},
    author={Winograd, Terry},
    year = {1972},
    publisher = {Academic Press}
}

@inproceedings{srivastava14tamp,
    author = {Srivastava, Siddharth and Fang, Eugene and Riano, Lorenzo and Chitnis, Rohan and Russell, Stuart and Abbeel, Pieter},
    title = {{Combined Task and Motion Planning Through an Extensible Planner-Independent Interface Layer}},
    booktitle = {International Conference on Robotics and Automation},
    year = {2014}
}

@article{schaul2015uva,
    author = {Schaul, Tom and Horgan, Daniel and Gregor, Karol and Silver, David},
    journal = {Proceedings of The 32nd International Conference on Machine Learning},
    pages = {1312--1320},
    title = {{Universal Value Function Approximators}},
    year = {2015}
}

@article{Kavraki1996,
    author = {Kavraki, Lydia and Svestka, Petr and Latombe, J-C and Overmars, Mark},
    journal = {IEEE transactions on Robotics and Automation},
    number = {4},
    pages = {566--580},
    title = {{Probabilistic roadmaps for path planning in high-dimensional configuration spaces}},
    volume = {12},
    year = {1996}
}

@article{Kaelbling2011,
    author = {Kaelbling, Leslie Pack and Lozano-Perez, Tomas},
    journal = {IEEE International Conference on Robotics and Automation},
    pages = {1470--1477},
    title = {{Hierarchical task and motion planning in the now}},
    year = {2011}
}

@article{ng2000irl,
    author = {Ng, Andrew and Russell, Stuart},
    journal = {International Conference on Machine Learning (ICML)},
    title = {{Algorithms for Inverse Reinforcement Learning}},
    year = {2000}
}

@article{kim2013apid,
    author = {Kim, Beomjoon and Farahmand, Amir-Massoud and Pineau, Joelle and Precup, Doina},
    journal = {Neural Information Processing Systems.},
    title = {{Learning from Limited Demonstrations}},
    year = {2013}
}

@article{sutton2011horde,
journal = {International Conference on Autonomous Agents and Multiagent Systems (AAMAS)},
title = {{Horde: A Scalable Real-time Architecture for Learning Knowledge from Unsupervised Sensorimotor Interaction}},
author= {Sutton, Richard and Modayil, Joseph and Delp, Michael and Degris, Thomas and Pilarski, Patrick and White, Adam and Precup, Doina},
year = {2011}
}

@inproceedings{pong2018tdm,
author = {Pong, Vitchyr and Gu, Shixiang and Dalal, Murtaza and Levine, Sergey},
booktitle = {ICLR},
title = {{Temporal Difference Models: Model-Free Deep RL For Model-Based Control}},
year = {2018}
}

@inproceedings{ebert2017videoprediction,
author = {Ebert, Frederik and Finn, Chelsea and Lee, Alex X and Levine, Sergey},
booktitle = {CoRL},
title = {{Self-Supervised Visual Planning with Temporal Skip Connections}},
year = {2017}
}

@inproceedings{finn2016visualforesight,
author = {Finn, Chelsea and Levine, Sergey},
booktitle = {NIPS},
title = {{Deep Visual Foresight for Planning Robot Motion}},
year = {2016}
}

@inproceedings{pathak2018zeroshot,
author = {Pathak, Deepak and Mahmoudieh, Parsa and Luo, Guanghao and Agrawal, Pulkit and Chen, Dian and Shentu, Yide and Shelhamer, Evan and Malik, Jitendra and Efros, Alexei A and Darrell, Trevor},
booktitle = {ICLR},
title = {{Zero-Shot Visual Imitation}},
year = {2018}
}

@article{thomas2017independentlycontrollable,
author = {Thomas, Valentin and Pondard, Jules and Bengio, Emmanuel and Sarfati, Marc and Beaudoin, Philippe and Meurs, Marie-Jean and Pineau, Joelle and Precup, Doina and Bengio, Yoshua},
title = {{Independently Controllable Factors}},
url = {https://arxiv.org/pdf/1708.01289.pdf},
year = {2017},
booktitle = {NIPS Workshop},
}
